TransactionID,Store,Category,Date,Quantity,UnitPrice,Revenue
43910,STORE_B,Home,21/06/2019,3,,100
40226,Store C,Eletronics,4/7/2020,,10,200
83150,STORE_B,Eletronics,4/10/2020,5,,
69099,Store C,Eletronics,20/02/2020,2,20,
96760,Store C,Home,1/31/2019,-2,20,-50
28013,Store_B,Home,2/24/2019,10,100,500
31446,Store_A,Home,6/2/2019,3,20,200
80375,Store C,Groceries,3/31/2020,5,20,100
72509,store_a,Clothing,10/13/2019,5,,500
10557,store_a,Electronics,2/5/2019,1,,100
40666,store_a,Home,28/03/2019,2,10,500
47389,Store_A,Clothing,9/13/2019,5,10,500
57700,Store C,Home,6/27/2019,1,20,
34578,STORE_B,Electronics,30/06/2020,3,-5,-50
84779,STORE_B,Home,5/22/2020,5,50,-50
19596,Store_B,Clothing,1/21/2019,,10,100
67500,Store_A,Groceries,3/16/2019,,20,200
82534,Store C,Electronics,12/19/2020,1,-5,-50
20129,store_a,Clothing,4/4/2020,,-5,200
73394,Store_A,Eletronics,15/04/2020,2,,100
76046,Store_A,Eletronics,5/11/2020,10,-5,200
21596,Store C,Eletronics,26/11/2019,,100,500
75355,Store_B,Groceries,17/02/2020,3,,500
22974,Store_B,Home,9/21/2020,5,,100
76673,Store_B,Home,1/1/2019,1,100,200
80202,store_a,Home,24/07/2019,5,,200
84442,store_a,Groceries,11/7/2019,10,10,100
31818,Store C,Eletronics,15/05/2020,5,,-50
53246,Store_B,Home,22/03/2020,5,100,
65598,Store C,Groceries,31/01/2019,1,20,-50
12654,Store_B,Groceries,11/13/2020,10,20,
43758,Store_A,Clothing,11/11/2019,3,20,200
34204,STORE_B,Home,11/3/2019,1,100,
44928,STORE_B,Eletronics,9/10/2020,-2,100,
63609,Store_B,Electronics,25/01/2020,10,10,200
40552,Store C,Groceries,1/7/2019,10,100,500
20336,store_a,Clothing,1/11/2019,5,-5,
57037,Store_B,Electronics,5/28/2020,2,20,100
26206,Store_B,Groceries,12/15/2019,2,100,-50
44831,store_a,Clothing,5/7/2019,3,50,200
53563,Store_B,Home,27/10/2019,5,,200
28361,Store_A,Clothing,5/14/2020,2,10,
51335,store_a,Groceries,4/19/2020,1,20,500
84469,Store_A,Home,6/7/2020,3,-5,500
35816,STORE_B,Eletronics,16/12/2019,5,-5,-50
25619,store_a,Clothing,8/12/2020,,20,-50
36819,store_a,Electronics,8/21/2019,1,-5,500
21741,Store C,Home,1/3/2019,2,50,500
18798,Store C,Home,19/11/2019,2,10,500
35143,store_a,Eletronics,1/2/2020,2,,
59695,STORE_B,Clothing,2/25/2019,2,10,100
42747,Store_B,Electronics,1/10/2019,10,10,-50
31182,Store C,Eletronics,5/27/2019,,20,200
19415,STORE_B,Clothing,12/30/2019,3,100,500
21085,STORE_B,Electronics,9/10/2019,3,,500
25008,Store C,Electronics,28/07/2019,2,10,100
97638,Store_B,Groceries,29/06/2020,3,50,500
28452,Store C,Electronics,5/1/2019,,20,-50
74075,STORE_B,Clothing,12/6/2019,1,100,500
18120,Store_A,Eletronics,7/10/2020,1,100,100
74385,Store C,Eletronics,9/15/2020,-2,20,
83356,STORE_B,Groceries,12/5/2020,3,10,-50
28170,Store C,Clothing,11/19/2019,2,-5,
26259,STORE_B,Electronics,8/3/2020,5,20,200
32099,Store_B,Groceries,10/5/2019,,-5,100
19649,STORE_B,Home,4/5/2019,2,100,200
69258,store_a,Clothing,7/6/2020,10,100,200
51037,Store_A,Groceries,13/12/2020,5,50,200
21805,STORE_B,Eletronics,28/02/2019,,50,200
53147,Store C,Groceries,18/03/2020,10,100,100
84280,Store C,Home,7/6/2020,3,50,
56053,STORE_B,Clothing,5/10/2020,10,50,500
86215,store_a,Groceries,4/26/2019,3,50,200
20985,STORE_B,Electronics,9/23/2020,10,100,500
22391,Store_B,Clothing,13/06/2020,5,10,500
14861,store_a,Groceries,9/27/2019,10,10,200
73582,STORE_B,Groceries,10/5/2019,2,,-50
61928,Store_A,Clothing,10/18/2019,3,50,500
44364,store_a,Eletronics,27/12/2020,1,10,-50
92399,STORE_B,Electronics,1/9/2019,10,,
52923,Store_A,Clothing,9/21/2020,3,20,500
17919,STORE_B,Electronics,13/05/2019,1,50,100
65896,Store_B,Electronics,4/19/2020,3,10,
95818,Store C,Clothing,6/20/2020,-2,10,
57396,STORE_B,Groceries,11/15/2020,3,-5,-50
44840,store_a,Eletronics,31/10/2019,1,10,200
52255,STORE_B,Electronics,9/4/2020,1,-5,100
81160,STORE_B,Electronics,15/02/2019,5,,100
18176,STORE_B,Groceries,11/9/2020,,-5,-50
43529,STORE_B,Clothing,8/17/2020,-2,20,-50
66406,store_a,Eletronics,10/3/2019,10,50,
22941,store_a,Electronics,1/5/2020,10,10,-50
11669,STORE_B,Electronics,12/11/2019,-2,100,200
95782,Store C,Clothing,1/3/2020,3,50,
54859,STORE_B,Groceries,26/08/2020,-2,100,
65786,store_a,Home,12/31/2020,2,,
61083,Store_B,Groceries,1/15/2019,2,10,100
50076,STORE_B,Electronics,27/01/2019,,50,100
30323,STORE_B,Electronics,11/18/2020,3,50,
16021,STORE_B,Eletronics,1/4/2019,5,10,200
49807,STORE_B,Groceries,30/10/2020,1,20,500
60355,Store_A,Home,23/10/2020,3,,
54732,STORE_B,Eletronics,6/16/2020,10,10,-50
18711,store_a,Home,12/9/2019,2,-5,500
73079,store_a,Eletronics,5/3/2020,2,50,100
17904,Store_A,Groceries,13/04/2019,2,20,100
74033,STORE_B,Electronics,12/29/2019,5,50,500
96478,Store C,Home,23/05/2020,10,100,-50
99787,STORE_B,Groceries,22/10/2020,5,50,100
65096,store_a,Home,4/27/2019,1,,100
13093,Store_B,Groceries,16/04/2020,3,10,
34918,Store_B,Eletronics,22/06/2020,3,50,200
82743,Store C,Groceries,5/8/2019,-2,-5,-50
72636,STORE_B,Eletronics,12/10/2020,2,100,
68806,Store_A,Electronics,3/19/2019,-2,100,200
19394,STORE_B,Eletronics,10/1/2019,2,10,100
23280,Store C,Clothing,8/8/2020,1,100,200
46303,Store C,Electronics,12/2/2019,5,10,100
37453,Store C,Groceries,3/23/2019,,,
70695,Store_B,Groceries,12/8/2019,,10,100
78449,STORE_B,Clothing,22/09/2020,,20,200
35765,STORE_B,Groceries,29/03/2019,10,100,
12340,Store_A,Electronics,7/31/2020,1,100,200
48057,Store C,Electronics,4/6/2019,3,-5,200
10597,Store C,Eletronics,13/03/2020,3,50,500
67988,store_a,Home,7/30/2020,5,20,100
25025,store_a,Groceries,6/4/2020,-2,50,100
17145,Store_B,Clothing,20/11/2020,1,10,200
65797,STORE_B,Electronics,22/09/2019,10,,100
51723,Store_A,Electronics,12/23/2019,1,-5,-50
83230,Store_A,Electronics,7/5/2019,1,100,100
14830,Store C,Home,6/26/2020,5,,
33930,Store_A,Home,5/31/2019,10,10,100
33752,Store C,Groceries,3/9/2020,,10,-50
86025,STORE_B,Clothing,18/12/2019,3,20,200
91304,Store_A,Home,1/10/2019,2,50,100
72040,Store C,Eletronics,6/5/2019,-2,100,
77696,STORE_B,Home,21/02/2020,,100,-50
74648,STORE_B,Electronics,12/22/2019,10,,500
65030,Store C,Clothing,30/09/2020,3,20,200
66815,Store C,Groceries,4/3/2019,,-5,200
95669,Store_B,Home,8/25/2019,5,10,200
45690,STORE_B,Electronics,11/29/2019,-2,20,-50
98406,Store C,Eletronics,1/17/2019,10,100,100
67923,STORE_B,Eletronics,17/12/2020,10,-5,100
46572,Store_A,Groceries,11/20/2019,3,50,100
64030,store_a,Groceries,1/23/2019,3,,100
77904,store_a,Home,19/07/2019,1,10,200
39203,Store C,Groceries,4/3/2020,1,10,500
87088,Store C,Electronics,6/4/2020,10,10,200
15608,STORE_B,Electronics,12/19/2020,2,50,500
55667,Store C,Electronics,7/10/2020,5,100,500
65547,STORE_B,Home,14/12/2020,3,100,100
32485,Store C,Home,2/7/2020,1,20,
19862,STORE_B,Groceries,15/09/2020,5,-5,-50
85948,Store C,Home,4/1/2020,-2,20,
96890,Store_B,Electronics,16/11/2019,,100,500
81880,STORE_B,Clothing,2/1/2020,,10,
67560,Store_B,Electronics,25/04/2020,10,50,500
93529,Store_B,Clothing,5/20/2019,3,100,200
38415,Store_B,Groceries,6/4/2020,,50,200
74523,Store_B,Eletronics,15/01/2019,-2,,100
29323,Store_A,Home,4/2/2019,3,10,-50
63214,store_a,Home,3/18/2019,1,,200
27997,Store_A,Electronics,1/5/2019,,100,-50
67003,Store C,Electronics,20/06/2020,2,20,100
13679,Store C,Clothing,24/04/2019,,100,-50
50308,store_a,Home,10/28/2020,3,,200
85024,store_a,Groceries,16/08/2019,2,50,200
49842,store_a,Electronics,15/09/2019,5,-5,
75408,Store_B,Home,7/3/2019,,-5,
79532,Store_A,Eletronics,3/29/2019,3,100,
63938,Store C,Clothing,3/7/2019,,20,-50
15695,Store_A,Electronics,9/8/2020,,,200
68499,Store_A,Electronics,4/5/2019,3,100,100
33382,Store_A,Groceries,29/06/2020,2,,500
24235,store_a,Electronics,7/4/2020,1,,200
72223,store_a,Home,2/3/2020,-2,10,
12366,Store C,Home,5/2/2019,,-5,
37467,Store C,Home,13/12/2019,10,-5,-50
69316,Store C,Eletronics,8/31/2019,5,50,
16764,Store_A,Eletronics,7/2/2020,3,10,-50
71836,store_a,Electronics,9/15/2020,,-5,100
41923,Store_B,Eletronics,12/1/2020,-2,,
26292,Store_A,Eletronics,28/05/2020,1,20,-50
11614,STORE_B,Groceries,7/17/2020,3,20,
30939,Store_A,Eletronics,6/11/2019,,10,-50
28800,store_a,Clothing,2/4/2019,5,20,200
66440,STORE_B,Clothing,23/08/2019,10,,-50
33246,Store_A,Clothing,2/6/2019,3,100,500
62805,store_a,Electronics,25/04/2019,,,100
59648,store_a,Home,8/4/2019,2,-5,200
66851,Store_B,Groceries,9/14/2020,1,100,100
41688,Store_A,Electronics,24/10/2020,10,20,200
39764,store_a,Home,14/04/2020,3,50,
42470,Store C,Groceries,6/4/2020,,50,-50
48501,store_a,Groceries,21/07/2020,10,,
67207,Store_B,Groceries,4/15/2019,2,,100
72157,store_a,Clothing,6/5/2019,3,20,100
13216,Store_A,Clothing,12/2/2019,10,50,200
32072,Store_A,Clothing,15/11/2019,3,50,100
47132,STORE_B,Groceries,10/23/2019,3,,-50
27861,Store_A,Groceries,9/10/2020,10,-5,100
74186,STORE_B,Clothing,4/6/2019,3,50,
14960,Store C,Groceries,3/10/2019,2,,-50
28781,Store_B,Clothing,11/9/2020,10,10,100
41126,Store C,Clothing,5/31/2019,,50,500
32578,STORE_B,Clothing,6/5/2019,-2,100,500
27883,store_a,Home,7/30/2020,10,20,
39782,store_a,Groceries,10/23/2020,2,,200
66387,Store C,Electronics,4/9/2020,2,50,200
26979,store_a,Clothing,26/01/2019,2,50,100
43746,STORE_B,Electronics,3/27/2020,,-5,-50
76266,Store_B,Home,7/23/2020,,,200
10056,Store_A,Groceries,9/2/2020,-2,100,500
41457,STORE_B,Clothing,9/26/2020,-2,50,200
12243,STORE_B,Clothing,12/28/2019,3,10,500
65031,Store_A,Clothing,7/22/2019,3,20,200
11701,Store_A,Electronics,5/1/2020,5,,
66381,Store_B,Home,1/4/2019,-2,50,-50
60438,Store_B,Groceries,26/02/2020,-2,-5,100
83839,Store_B,Home,15/11/2019,3,-5,500
90636,store_a,Clothing,11/3/2019,2,20,200
76483,STORE_B,Home,3/9/2019,5,,100
30505,Store_A,Electronics,1/27/2019,-2,,500
16553,STORE_B,Eletronics,1/12/2019,2,,500
43525,STORE_B,Eletronics,22/08/2019,1,100,
90402,Store_B,Groceries,3/5/2019,-2,10,200
54348,Store_B,Groceries,14/11/2019,,-5,100
81187,STORE_B,Home,3/13/2019,10,,200
17273,Store_B,Groceries,18/06/2019,1,100,200
74236,store_a,Electronics,9/25/2019,,,-50
85569,Store_A,Clothing,4/5/2019,,,500
13535,STORE_B,Clothing,1/30/2020,2,100,500
28677,Store_A,Home,18/05/2019,3,10,-50
93024,store_a,Clothing,12/30/2019,10,20,-50
10908,Store_B,Home,30/08/2020,3,-5,200
80153,Store C,Groceries,4/27/2019,3,50,500
98989,store_a,Groceries,6/13/2019,-2,,100
45079,Store C,Electronics,26/05/2019,10,10,
91556,Store_A,Clothing,28/02/2019,10,-5,-50
59323,STORE_B,Electronics,7/30/2020,1,50,100
55320,Store_B,Eletronics,11/2/2019,2,,100
99909,store_a,Electronics,10/2/2019,3,50,200
56105,Store_B,Home,7/19/2019,2,100,-50
40164,Store C,Home,6/29/2019,2,-5,100
11885,Store C,Electronics,12/24/2019,-2,10,
67819,STORE_B,Groceries,9/1/2019,5,10,100
11049,Store C,Eletronics,28/06/2020,1,-5,
63281,STORE_B,Electronics,14/08/2020,3,20,
53271,store_a,Groceries,3/5/2020,,20,
76697,STORE_B,Electronics,24/10/2019,10,50,-50
76351,Store C,Clothing,10/14/2020,10,100,
46534,Store_A,Home,11/8/2020,2,50,-50
68097,STORE_B,Clothing,9/11/2019,1,,100
63813,Store_B,Clothing,29/07/2019,1,10,
35037,Store_A,Eletronics,24/01/2020,3,50,500
46007,STORE_B,Groceries,6/16/2019,3,50,100
89478,Store_B,Home,15/09/2020,2,-5,500
37278,Store_A,Clothing,22/08/2019,2,10,500
18272,STORE_B,Home,3/5/2019,2,10,200
67183,store_a,Groceries,21/12/2019,5,20,-50
48294,Store_B,Electronics,6/23/2019,1,20,200
83277,store_a,Clothing,29/06/2020,2,10,-50
72509,Store C,Groceries,9/15/2020,-2,50,200
14694,STORE_B,Home,22/05/2020,1,,100
68150,STORE_B,Groceries,15/06/2020,,50,500
77470,Store_B,Electronics,2/19/2020,10,,100
31556,STORE_B,Groceries,8/1/2019,10,10,-50
74471,Store C,Home,11/5/2020,1,-5,500
59855,STORE_B,Clothing,5/6/2019,,,500
59086,Store_A,Clothing,29/07/2019,10,20,-50
28907,store_a,Eletronics,9/10/2019,10,-5,100
81695,Store C,Home,7/16/2019,10,10,500
58487,Store C,Eletronics,2/17/2020,3,100,100
39158,store_a,Eletronics,14/02/2019,,,100
30293,store_a,Electronics,13/12/2019,3,,100
55761,Store C,Home,23/09/2020,1,-5,500
43387,store_a,Clothing,13/10/2020,1,100,
50750,Store_B,Home,19/03/2020,5,100,200
78602,store_a,Electronics,28/01/2020,3,10,-50
31256,Store_A,Home,8/22/2019,1,-5,100
15594,Store_A,Home,21/12/2019,3,50,500
12460,Store_B,Eletronics,7/15/2019,5,100,-50
82356,store_a,Home,6/25/2020,1,,
64698,Store_A,Eletronics,3/2/2020,1,100,
26191,STORE_B,Eletronics,10/22/2019,1,10,500
94631,store_a,Groceries,10/6/2020,1,10,100
20529,Store_B,Electronics,6/5/2019,2,,
42175,store_a,Eletronics,2/10/2020,,,
27675,Store C,Home,14/06/2019,,,
53158,Store C,Eletronics,12/26/2020,3,50,500
56798,Store_A,Eletronics,7/1/2019,3,,-50
80910,Store C,Eletronics,7/3/2019,3,-5,200
35976,Store_B,Clothing,7/7/2020,5,10,500
73116,Store_A,Clothing,1/10/2020,-2,10,100
88678,Store_B,Clothing,3/30/2020,2,100,500
72821,Store_B,Clothing,7/21/2019,-2,,500
22204,Store C,Groceries,24/04/2020,3,50,200
65665,Store C,Eletronics,3/5/2019,3,-5,200
17394,Store_B,Groceries,12/24/2020,1,20,200
74814,Store C,Home,22/10/2020,-2,100,-50
43593,Store C,Electronics,12/6/2019,1,-5,500
51964,Store C,Groceries,9/19/2019,-2,50,100
87188,store_a,Clothing,6/26/2020,-2,,200
63365,Store_B,Clothing,7/4/2020,1,50,200
10443,STORE_B,Home,21/08/2020,3,20,500
99439,Store_B,Eletronics,9/29/2020,1,-5,100
38180,Store_A,Electronics,6/14/2019,3,50,200
58791,Store C,Groceries,27/01/2019,-2,20,500
96655,Store C,Eletronics,9/12/2020,5,20,
85899,STORE_B,Eletronics,16/01/2020,5,-5,-50
53665,Store_A,Groceries,7/5/2020,10,20,500
13465,store_a,Groceries,17/07/2020,2,-5,200
78247,Store_B,Groceries,2/20/2019,1,50,100
61559,store_a,Groceries,5/3/2020,,,
35198,Store_A,Clothing,7/17/2019,1,10,100
64740,STORE_B,Eletronics,12/11/2019,2,10,100
32488,Store_A,Eletronics,10/26/2020,-2,50,100
48515,STORE_B,Clothing,30/05/2020,2,,500
99144,store_a,Eletronics,28/05/2020,-2,10,500
37898,store_a,Groceries,10/24/2020,10,20,-50
11919,Store_A,Electronics,9/23/2019,2,50,
60070,Store_A,Eletronics,3/14/2019,3,50,100
72613,Store C,Electronics,3/18/2019,1,100,200
96135,STORE_B,Electronics,6/27/2020,2,100,100
92501,Store C,Clothing,30/05/2019,3,100,
57003,Store_B,Home,3/10/2020,2,-5,100
58478,Store_B,Eletronics,24/12/2019,,,500
24434,Store_A,Clothing,12/23/2019,3,50,500
56246,store_a,Clothing,24/07/2019,5,100,
46649,Store_B,Electronics,1/18/2019,3,50,-50
69030,Store_B,Eletronics,11/6/2020,10,20,100
63061,Store C,Clothing,7/28/2020,-2,100,
11999,Store C,Groceries,20/01/2019,3,50,200
24849,Store_B,Clothing,29/12/2020,2,,200
86439,Store_A,Groceries,22/09/2019,5,-5,-50
62800,Store C,Home,29/10/2019,5,,500
15445,Store_B,Groceries,9/23/2020,3,,
28040,store_a,Groceries,2/10/2020,2,100,100
74315,Store C,Electronics,1/7/2020,5,,
10246,Store_B,Clothing,27/08/2019,,-5,-50
41153,STORE_B,Home,12/4/2020,3,10,
15212,Store C,Clothing,27/02/2020,3,-5,-50
13339,STORE_B,Groceries,8/8/2020,-2,20,-50
98678,Store C,Groceries,12/19/2019,3,-5,-50
66238,Store C,Clothing,8/12/2019,5,50,
29394,STORE_B,Home,11/8/2019,1,10,200
63871,Store_A,Home,1/3/2020,2,100,100
87722,Store_B,Electronics,18/01/2020,10,50,-50
44607,Store_A,Groceries,10/17/2020,10,-5,500
62055,Store_A,Groceries,31/12/2019,2,50,-50
14395,Store_B,Electronics,3/8/2020,1,,
25290,store_a,Clothing,2/10/2020,-2,50,-50
97687,Store_A,Groceries,9/7/2020,-2,50,500
75078,Store_A,Clothing,17/07/2020,-2,-5,200
13691,Store_A,Home,5/23/2020,-2,20,
17470,store_a,Eletronics,5/22/2020,2,-5,
13841,Store C,Electronics,9/8/2020,3,100,
73197,STORE_B,Groceries,2/24/2020,,10,500
65773,STORE_B,Electronics,31/12/2019,2,,
27776,store_a,Home,3/15/2019,2,20,200
81596,Store_A,Home,7/27/2020,,10,100
37584,STORE_B,Home,5/26/2019,5,10,100
14300,store_a,Home,2/15/2019,10,20,-50
13338,Store_B,Eletronics,2/2/2020,10,,100
72601,STORE_B,Clothing,6/2/2020,3,100,500
15487,Store_B,Clothing,1/9/2020,,20,100
46282,Store_A,Eletronics,5/1/2019,-2,20,500
86816,STORE_B,Clothing,2/12/2019,-2,20,500
38804,store_a,Home,4/9/2019,3,,-50
19915,Store C,Clothing,12/6/2020,5,20,100
21158,STORE_B,Electronics,11/7/2019,3,20,-50
84157,STORE_B,Clothing,21/05/2020,,50,
20547,STORE_B,Electronics,2/27/2020,,50,200
98713,STORE_B,Groceries,12/11/2020,1,50,100
12459,store_a,Electronics,9/2/2020,5,50,
38768,store_a,Electronics,9/29/2019,,20,
73146,Store C,Home,4/4/2019,,50,-50
60870,store_a,Home,30/01/2020,5,10,-50
60460,store_a,Home,7/29/2019,-2,100,200
92970,Store_A,Electronics,8/1/2019,2,50,200
70817,Store_A,Eletronics,3/3/2019,-2,,200
48247,Store_B,Home,11/11/2019,2,100,200
25419,Store C,Home,29/01/2019,1,-5,-50
45577,Store_A,Electronics,6/8/2019,-2,-5,500
12921,Store C,Groceries,10/1/2019,,10,-50
14676,Store C,Groceries,12/9/2019,5,100,500
95961,STORE_B,Clothing,23/11/2020,5,100,-50
59684,Store C,Groceries,11/29/2020,2,10,-50
23463,STORE_B,Home,11/3/2020,-2,-5,200
35474,Store_B,Eletronics,2/1/2020,10,50,500
50935,Store_B,Clothing,6/19/2020,10,10,
77005,Store_B,Eletronics,5/21/2019,,,
68596,STORE_B,Eletronics,18/08/2019,2,10,
82828,STORE_B,Home,8/28/2019,,20,200
99062,Store_B,Electronics,10/19/2019,3,-5,
65152,STORE_B,Electronics,27/03/2019,5,20,-50
99001,store_a,Electronics,3/23/2019,-2,-5,200
96569,store_a,Groceries,7/13/2020,-2,-5,
82467,STORE_B,Electronics,19/05/2019,,100,200
62576,STORE_B,Home,6/20/2019,1,50,-50
76627,Store_A,Groceries,3/9/2019,-2,50,200
35772,Store_A,Electronics,8/2/2020,10,-5,
26363,Store C,Eletronics,6/9/2020,,-5,200
38490,Store C,Home,6/25/2020,3,20,100
69004,Store C,Home,4/20/2019,5,,
63806,Store_B,Clothing,19/05/2020,-2,10,-50
10260,store_a,Home,31/12/2020,3,-5,500
85992,Store_B,Eletronics,11/18/2019,,-5,200
32320,STORE_B,Home,18/06/2019,5,10,200
88971,Store_A,Clothing,12/14/2020,5,10,
52145,STORE_B,Home,3/25/2019,2,,
73688,STORE_B,Home,13/08/2019,2,,100
58581,Store_A,Clothing,1/11/2020,1,10,-50
30754,STORE_B,Home,12/12/2019,1,-5,200
79837,Store C,Groceries,2/7/2020,-2,-5,200
17207,Store_A,Home,8/8/2020,3,10,500
37920,STORE_B,Electronics,27/05/2020,2,-5,200
97739,Store C,Electronics,4/10/2019,5,,200
97081,Store C,Groceries,5/9/2019,2,10,100
34016,store_a,Home,6/7/2019,5,,500
70522,Store C,Eletronics,8/7/2019,2,-5,200
84092,Store_B,Home,4/21/2020,5,-5,200
64068,Store_A,Electronics,1/22/2019,3,100,-50
30102,Store_A,Clothing,7/13/2020,2,20,200
11924,Store_A,Groceries,9/20/2020,10,20,100
95015,STORE_B,Clothing,15/10/2019,10,,200
64333,STORE_B,Eletronics,13/09/2020,5,10,200
94458,Store_B,Home,12/5/2019,3,20,
94196,Store C,Eletronics,6/28/2019,5,-5,200
56099,STORE_B,Clothing,2/25/2020,3,50,500
67346,Store C,Home,3/10/2019,1,10,
85481,Store C,Eletronics,2/18/2019,2,,500
60062,STORE_B,Electronics,5/2/2019,3,-5,500
10306,STORE_B,Electronics,1/30/2019,5,-5,100
98495,Store_B,Groceries,3/26/2019,-2,50,200
79767,store_a,Electronics,27/02/2019,-2,,500
22207,Store_A,Electronics,11/25/2019,1,10,200
49426,STORE_B,Clothing,9/1/2020,-2,-5,200
16336,STORE_B,Electronics,3/9/2020,5,100,100
85166,Store C,Electronics,8/10/2020,10,-5,100
27256,store_a,Clothing,25/06/2020,10,100,500
59817,STORE_B,Electronics,2/3/2020,2,100,500
43719,store_a,Electronics,11/20/2020,,10,
52017,Store_A,Groceries,19/10/2020,2,10,200
55704,Store C,Electronics,2/29/2020,-2,50,200
40013,Store_B,Electronics,8/12/2020,1,-5,100
89991,Store_A,Groceries,8/2/2019,-2,10,100
80258,store_a,Clothing,5/26/2020,10,10,500
88348,store_a,Electronics,8/11/2020,3,50,
46776,Store_A,Eletronics,11/11/2020,10,50,
20060,store_a,Clothing,8/10/2019,,-5,100
88592,Store_B,Clothing,7/17/2020,2,,100
16655,Store_B,Electronics,10/30/2019,5,20,
98110,store_a,Groceries,4/9/2019,-2,-5,
59923,store_a,Clothing,21/08/2020,1,20,500
88563,Store_B,Groceries,7/10/2020,,,
14030,store_a,Eletronics,2/11/2019,10,100,200
99779,STORE_B,Groceries,17/09/2019,3,-5,
43289,Store C,Home,4/12/2020,,10,-50
29739,STORE_B,Groceries,3/15/2020,3,50,
71687,store_a,Clothing,11/23/2019,3,-5,100
46491,store_a,Groceries,7/22/2020,1,50,100
82115,Store C,Groceries,2/2/2019,3,100,-50
93778,store_a,Home,2/16/2020,3,50,200
14781,Store C,Home,22/03/2019,10,100,
30448,Store_B,Electronics,11/2/2020,1,,
61550,Store C,Clothing,5/22/2020,5,100,-50
59294,Store C,Electronics,2/25/2019,5,20,500
31446,STORE_B,Home,6/10/2020,3,-5,500
86579,store_a,Groceries,13/09/2020,,100,200
95389,Store_B,Home,6/29/2020,2,-5,
95615,Store_A,Eletronics,16/07/2020,1,,
27101,Store C,Groceries,7/15/2019,-2,100,
76178,Store_A,Electronics,2/17/2020,2,,100
38016,store_a,Groceries,9/28/2020,1,20,500
28932,Store C,Eletronics,7/1/2020,1,10,-50
54653,Store_A,Home,11/1/2020,10,,100
62802,STORE_B,Clothing,11/1/2019,3,10,100
17549,Store_A,Clothing,5/17/2019,10,,500
88933,STORE_B,Clothing,6/22/2020,,100,
35362,Store_B,Home,11/19/2020,-2,10,200
57842,store_a,Clothing,12/19/2020,2,,-50
56539,Store_A,Eletronics,21/07/2019,2,-5,500
43717,Store C,Home,11/2/2019,5,,200
64596,store_a,Clothing,26/08/2020,,10,500
33016,Store_A,Electronics,1/23/2020,-2,-5,500
65200,Store C,Home,12/25/2020,,,500
90268,Store C,Home,3/7/2019,10,10,500
70287,Store C,Groceries,7/2/2020,10,20,
93402,Store C,Clothing,5/20/2020,,50,100
52607,Store_A,Electronics,1/23/2020,10,20,500
37621,Store_B,Eletronics,10/20/2019,5,10,200
22823,STORE_B,Home,6/28/2019,-2,100,200
39986,STORE_B,Eletronics,11/2/2020,-2,100,200
74325,STORE_B,Eletronics,22/12/2020,10,50,100
67771,Store_B,Eletronics,27/08/2020,10,10,100
64973,Store C,Groceries,3/21/2019,-2,-5,200
24690,Store C,Eletronics,3/11/2019,,,
49107,store_a,Clothing,13/12/2019,-2,20,100
67888,STORE_B,Clothing,3/22/2020,,-5,100
20956,STORE_B,Electronics,4/2/2019,10,20,
96839,Store C,Electronics,24/12/2019,10,50,500
66227,STORE_B,Eletronics,26/10/2020,,50,100
46533,Store C,Eletronics,5/17/2020,2,50,200
66234,Store C,Groceries,7/23/2020,3,-5,200
77594,Store C,Eletronics,4/6/2019,2,-5,
66901,Store_A,Eletronics,6/7/2020,10,50,200
21519,Store_A,Eletronics,8/7/2020,1,-5,-50
41115,Store_A,Home,9/5/2019,1,50,200
76266,Store_A,Home,5/7/2019,5,-5,
11832,Store_B,Groceries,5/13/2020,2,50,
51368,store_a,Groceries,2/15/2019,,,
98425,store_a,Clothing,8/9/2019,5,,-50
79715,Store C,Groceries,9/25/2019,5,20,100
81835,STORE_B,Clothing,4/4/2019,1,20,500
83366,Store_A,Eletronics,5/1/2019,2,50,200
47570,store_a,Groceries,31/08/2020,3,20,100
97977,store_a,Groceries,9/3/2020,-2,-5,
16615,Store_A,Groceries,3/12/2019,,50,100
82298,Store_B,Clothing,8/15/2020,2,,100
48311,Store_B,Clothing,3/24/2020,5,100,-50
33434,store_a,Electronics,21/10/2020,10,,
96879,Store_B,Clothing,9/11/2020,5,10,
25739,Store_A,Clothing,9/5/2020,2,,200
76202,store_a,Home,3/12/2020,1,10,200
89599,Store_A,Groceries,4/1/2019,-2,20,200
43649,Store_B,Clothing,26/05/2019,2,,200
57445,Store_A,Groceries,6/11/2020,3,100,100
49470,Store_B,Groceries,7/2/2020,,-5,100
84965,Store_B,Home,13/02/2019,,,200
58621,Store_A,Groceries,11/2/2020,10,-5,200
42926,Store_B,Clothing,3/2/2019,10,,200
47997,Store C,Groceries,17/01/2020,5,,500
69940,Store_A,Electronics,18/07/2020,2,-5,200
50724,Store C,Electronics,23/06/2020,,-5,500
41704,Store_A,Home,12/27/2019,1,50,200
38391,Store_B,Clothing,1/13/2020,3,,
73291,Store_B,Home,13/05/2020,5,,-50
99723,store_a,Electronics,12/11/2019,2,100,100
12526,store_a,Clothing,8/3/2019,1,-5,
34686,Store C,Groceries,3/30/2020,2,-5,-50
83339,Store_B,Clothing,26/06/2019,1,10,500
16574,store_a,Eletronics,3/8/2019,-2,10,100
18733,Store_B,Clothing,13/09/2019,2,-5,500
60290,Store_A,Groceries,5/9/2019,2,100,500
82793,store_a,Eletronics,2/12/2019,-2,20,100
46051,Store C,Home,8/17/2019,,,-50
25909,store_a,Clothing,8/22/2019,5,20,100
99682,Store_B,Home,6/5/2020,2,100,200
87338,STORE_B,Clothing,5/11/2020,2,20,500
83432,STORE_B,Electronics,27/04/2019,5,10,200
38133,Store_B,Electronics,21/11/2019,5,50,100
61571,Store_A,Groceries,10/7/2020,10,20,100
89062,store_a,Electronics,4/23/2019,10,50,-50
60908,STORE_B,Eletronics,30/08/2019,,20,500
21278,Store_A,Eletronics,4/3/2020,5,100,
61458,Store_B,Clothing,22/07/2020,-2,50,100
74265,Store_A,Home,14/03/2020,3,20,
66782,Store_B,Eletronics,11/10/2020,,100,500
65415,store_a,Clothing,1/6/2019,1,-5,200
64160,Store_A,Home,24/09/2020,5,10,500
64399,store_a,Electronics,18/09/2019,10,,-50
35298,Store_A,Clothing,5/8/2020,2,100,
32191,Store_B,Home,5/2/2020,5,100,
66964,Store_B,Groceries,3/12/2019,5,10,200
43092,Store_A,Groceries,27/07/2019,10,50,200
99407,Store_B,Eletronics,24/09/2020,10,20,100
85257,Store C,Home,11/4/2020,3,50,500
72513,Store C,Groceries,28/01/2020,,100,-50
61097,store_a,Eletronics,11/9/2020,10,-5,100
40279,Store C,Clothing,22/11/2019,10,20,500
24404,Store C,Clothing,5/23/2019,10,,200
80022,STORE_B,Home,20/06/2020,,,-50
45198,STORE_B,Home,5/1/2019,2,20,200
59997,STORE_B,Home,12/26/2020,5,100,200
88692,STORE_B,Home,8/5/2019,5,-5,
10567,Store_B,Groceries,3/9/2020,10,10,500
71032,store_a,Groceries,13/04/2019,-2,-5,100
12179,store_a,Eletronics,13/12/2019,-2,50,
12019,Store C,Groceries,12/20/2020,,-5,500
91455,store_a,Clothing,30/07/2019,3,-5,500
95239,Store C,Eletronics,25/06/2019,10,50,500
28704,store_a,Groceries,21/09/2019,,10,-50
28030,Store_A,Home,19/03/2020,,10,
79445,Store_A,Groceries,2/24/2019,3,,100
83551,store_a,Electronics,24/11/2019,,10,
13420,Store_B,Eletronics,10/5/2019,5,20,200
69875,Store C,Groceries,3/10/2019,3,,500
57653,store_a,Groceries,16/02/2020,3,100,200
26740,Store C,Clothing,4/5/2020,1,,
75263,STORE_B,Home,7/19/2020,3,-5,100
74559,store_a,Home,9/2/2019,3,-5,200
29465,Store_B,Clothing,27/05/2019,2,,200
61432,STORE_B,Clothing,3/4/2019,5,50,-50
14131,store_a,Electronics,5/28/2020,10,10,
20652,Store_A,Eletronics,11/5/2019,1,-5,200
74973,store_a,Home,2/26/2020,3,-5,
97043,Store_A,Clothing,5/31/2020,2,20,100
57147,Store_A,Clothing,7/3/2020,2,10,200
57671,store_a,Eletronics,12/5/2020,,-5,100
99342,store_a,Clothing,19/03/2019,10,50,200
29171,Store_A,Electronics,2/13/2019,10,-5,500
96129,Store C,Eletronics,7/5/2019,-2,10,-50
65692,STORE_B,Electronics,11/3/2019,5,20,-50
68541,Store_B,Groceries,8/7/2019,-2,10,-50
19470,store_a,Home,7/21/2020,,50,100
71344,STORE_B,Clothing,26/06/2019,3,20,
54308,STORE_B,Eletronics,9/15/2019,2,10,-50
60639,Store C,Electronics,18/08/2019,1,50,200
31326,STORE_B,Home,31/10/2020,5,50,200
14597,store_a,Home,11/6/2019,3,,500
40788,STORE_B,Clothing,10/16/2019,,-5,100
75020,store_a,Home,29/08/2019,10,20,200
59477,store_a,Clothing,4/13/2019,,20,200
43071,Store_A,Groceries,14/03/2019,3,-5,500
80603,Store C,Clothing,17/03/2020,,10,500
71923,Store_B,Electronics,12/1/2020,10,,
80560,Store_A,Home,15/11/2019,3,20,
83251,Store_B,Home,12/4/2020,1,50,
67492,store_a,Home,15/12/2020,-2,20,200
41770,Store_A,Clothing,30/09/2020,5,,500
86762,STORE_B,Eletronics,10/29/2019,,-5,100
45399,STORE_B,Clothing,13/08/2020,10,100,
88948,Store_B,Electronics,3/3/2020,1,-5,-50
67439,store_a,Clothing,14/12/2019,2,50,200
54415,Store_B,Home,2/25/2019,1,20,100
22569,Store C,Groceries,11/10/2019,1,-5,200
12369,STORE_B,Electronics,1/9/2020,1,50,
10528,Store_A,Groceries,10/4/2019,10,10,200
40314,Store_A,Electronics,8/7/2019,2,50,
28047,Store_A,Electronics,23/09/2020,5,20,200
29748,STORE_B,Home,4/1/2020,1,10,
45109,store_a,Clothing,9/10/2020,10,10,500
23919,STORE_B,Home,5/12/2019,10,10,500
57498,STORE_B,Home,5/7/2020,5,100,500
65808,Store_A,Home,4/20/2019,-2,100,500
90792,STORE_B,Groceries,8/4/2020,3,10,500
80441,Store_A,Electronics,6/3/2019,2,-5,-50
84420,store_a,Eletronics,23/02/2020,2,-5,200
38906,Store C,Clothing,11/8/2020,,-5,500
81486,Store_A,Home,16/04/2020,1,20,-50
76896,Store_B,Electronics,20/03/2019,3,10,-50
31946,Store C,Clothing,4/6/2019,-2,-5,200
57020,store_a,Eletronics,4/5/2020,2,10,200
84266,Store C,Eletronics,11/2/2019,-2,50,
32161,Store_A,Home,29/01/2020,,-5,
37738,store_a,Eletronics,25/07/2019,1,50,500
13925,Store_B,Eletronics,7/26/2020,3,50,100
18463,Store_A,Clothing,20/04/2020,10,-5,
67153,Store_A,Clothing,19/03/2019,1,,100
92948,store_a,Home,28/05/2019,3,50,
71009,store_a,Electronics,29/10/2019,5,-5,-50
97938,Store C,Home,2/17/2020,2,50,-50
51552,Store_B,Groceries,9/4/2019,-2,20,-50
66271,Store C,Eletronics,7/19/2020,1,100,100
19797,Store C,Electronics,4/14/2019,,100,500
96130,Store_A,Clothing,23/02/2020,10,100,
81942,store_a,Groceries,11/7/2020,,,
23965,Store_A,Groceries,2/8/2019,-2,10,100
23733,Store_B,Eletronics,9/27/2019,1,50,-50
63223,Store C,Clothing,4/10/2020,2,20,500
36926,Store_B,Electronics,11/3/2019,2,,
38783,store_a,Clothing,15/02/2020,3,100,500
93360,store_a,Eletronics,20/01/2020,,,500
46394,STORE_B,Groceries,1/10/2019,,20,200
74796,Store_B,Eletronics,15/01/2020,10,-5,500
38287,Store_A,Home,8/22/2019,-2,,200
92104,Store_B,Groceries,1/7/2019,3,100,100
40436,Store C,Eletronics,21/02/2020,10,10,-50
96916,store_a,Electronics,10/5/2020,1,100,200
83567,store_a,Electronics,21/11/2019,1,100,500
97483,Store_B,Electronics,12/23/2019,,100,-50
13188,Store_B,Home,21/08/2019,-2,,500
16765,Store_B,Clothing,4/4/2019,3,20,500
61626,Store C,Electronics,1/12/2020,-2,100,200
98707,Store C,Home,28/01/2020,5,-5,100
20807,Store_A,Electronics,9/1/2019,2,,500
20204,Store_B,Home,2/27/2019,-2,20,200
67944,Store_A,Electronics,22/08/2019,3,10,500
52120,STORE_B,Clothing,11/10/2020,-2,100,-50
32658,Store C,Eletronics,11/16/2019,3,50,100
47081,store_a,Electronics,8/11/2019,1,,500
44986,STORE_B,Eletronics,12/23/2019,2,-5,100
89322,store_a,Electronics,4/27/2019,-2,10,100
60304,STORE_B,Clothing,4/3/2020,-2,10,-50
75592,Store_A,Eletronics,10/23/2019,-2,10,-50
68548,Store_A,Home,6/8/2020,3,,
49986,Store C,Electronics,29/01/2020,-2,20,100
84095,store_a,Electronics,3/11/2020,1,50,500
98281,STORE_B,Home,23/03/2020,1,-5,-50
76151,Store_B,Clothing,2/2/2020,,20,500
83598,Store_B,Groceries,25/02/2020,,100,100
38214,Store C,Electronics,2/5/2020,3,50,-50
48745,store_a,Home,8/1/2019,3,20,
52548,Store_B,Groceries,6/12/2020,1,100,100
20681,Store C,Electronics,7/10/2020,,50,500
16984,Store C,Eletronics,7/3/2020,-2,,
37579,store_a,Home,21/02/2020,-2,-5,100
64933,Store_B,Eletronics,12/26/2019,3,-5,-50
37399,Store_B,Clothing,3/5/2019,2,100,100
41481,Store_B,Groceries,3/2/2019,1,20,200
10944,Store_A,Home,12/2/2019,1,50,500
19114,Store_B,Electronics,9/15/2020,3,100,-50
49846,STORE_B,Electronics,4/12/2019,3,100,-50
93666,Store_A,Groceries,7/14/2020,3,,200
87848,Store_A,Eletronics,23/07/2020,-2,100,
42596,Store_A,Eletronics,3/6/2020,-2,50,-50
85287,Store_A,Home,12/11/2019,2,10,
16907,Store C,Home,23/04/2019,1,50,
38114,STORE_B,Eletronics,23/12/2019,5,50,
35009,store_a,Home,25/03/2020,2,,100
94846,Store_B,Eletronics,13/11/2020,2,,200
60241,Store_A,Groceries,17/03/2020,-2,-5,500
45725,store_a,Home,18/04/2019,,-5,200
28996,Store C,Eletronics,17/10/2020,1,100,-50
16047,store_a,Home,11/11/2020,-2,-5,200
38767,Store_A,Electronics,10/6/2020,5,,500
26347,STORE_B,Electronics,2/3/2020,1,100,100
34102,store_a,Clothing,2/9/2020,2,10,-50
14263,Store_A,Eletronics,5/4/2019,3,20,100
77438,Store_A,Clothing,29/02/2020,1,,-50
40540,Store_B,Eletronics,4/5/2020,1,,500
85726,Store_B,Home,10/8/2020,3,10,100
73769,STORE_B,Eletronics,2/4/2019,5,,500
50843,Store_B,Electronics,2/24/2020,5,-5,500
37690,STORE_B,Home,1/12/2020,1,-5,200
12994,Store C,Electronics,22/11/2020,-2,-5,-50
77546,Store C,Home,8/8/2019,3,10,
17377,Store_B,Eletronics,11/27/2020,,100,
88572,Store C,Eletronics,12/8/2019,1,,100
36467,store_a,Electronics,22/01/2019,3,,500
10048,store_a,Groceries,2/20/2020,2,-5,200
46978,store_a,Eletronics,12/8/2020,,100,-50
57606,Store C,Groceries,26/07/2019,3,,100
91574,store_a,Home,15/09/2020,-2,50,500
83414,STORE_B,Groceries,3/10/2019,1,10,
59222,Store_A,Electronics,11/10/2020,10,20,
58115,Store_B,Clothing,23/09/2020,5,50,-50
99606,STORE_B,Clothing,17/01/2019,1,20,-50
50647,store_a,Electronics,16/03/2019,3,50,-50
64607,Store_A,Clothing,13/08/2020,,50,100
67410,Store_B,Electronics,11/8/2019,,50,-50
31996,STORE_B,Eletronics,2/24/2019,3,10,100
64921,Store_B,Groceries,11/24/2020,5,20,200
93697,Store C,Clothing,6/17/2020,1,100,500
56022,store_a,Eletronics,4/15/2019,,100,
50148,STORE_B,Clothing,12/4/2020,,-5,100
77764,STORE_B,Home,10/21/2019,10,,500
18888,Store_A,Electronics,29/05/2019,2,10,-50
98666,Store_A,Electronics,7/4/2020,10,-5,
49159,Store_A,Eletronics,29/06/2019,2,-5,100
52197,Store_B,Home,1/10/2020,,10,-50
94326,store_a,Groceries,3/25/2020,2,10,500
34474,Store_B,Home,19/12/2019,1,50,200
27333,store_a,Home,15/11/2020,,10,500
46355,STORE_B,Groceries,22/03/2019,,100,100
83903,Store_B,Groceries,1/25/2020,2,10,200
76258,Store_B,Home,19/05/2020,3,50,200
41145,Store_B,Clothing,10/28/2020,2,20,-50
85675,Store C,Clothing,16/06/2020,2,-5,500
59854,store_a,Home,19/02/2020,5,10,100
77664,store_a,Clothing,29/06/2020,5,-5,200
96153,Store_B,Groceries,5/21/2019,1,20,-50
45285,Store C,Groceries,23/05/2019,1,,200
27533,Store_B,Clothing,21/03/2020,3,50,500
42624,store_a,Groceries,23/08/2020,5,-5,
56996,STORE_B,Electronics,1/9/2020,10,10,100
56947,Store C,Groceries,11/8/2020,1,,
37956,Store C,Home,22/04/2019,1,,500
61030,Store_B,Eletronics,29/09/2020,5,20,
68597,STORE_B,Clothing,8/19/2020,5,-5,500
52443,store_a,Clothing,28/07/2020,3,-5,500
75464,Store_A,Groceries,15/05/2020,5,100,-50
13952,store_a,Groceries,9/8/2019,-2,100,
66880,store_a,Eletronics,7/5/2020,2,100,200
62201,STORE_B,Eletronics,24/01/2020,,-5,500
52460,Store C,Home,1/8/2020,10,-5,
32796,store_a,Electronics,10/9/2020,,100,200
41746,Store C,Home,1/1/2020,2,50,100
96785,STORE_B,Clothing,11/29/2019,-2,10,200
10015,STORE_B,Groceries,1/28/2020,-2,10,
59757,Store_B,Home,3/2/2020,2,50,
35957,Store_A,Groceries,29/01/2020,,20,200
91541,STORE_B,Groceries,13/10/2020,2,10,200
31292,STORE_B,Home,13/09/2020,1,-5,500
41876,Store C,Home,1/30/2020,-2,,
70727,STORE_B,Eletronics,2/4/2019,,-5,500
57046,store_a,Electronics,6/6/2019,2,10,500
24817,Store_B,Eletronics,22/06/2019,1,50,100
19759,Store_B,Electronics,19/07/2020,5,20,
58432,store_a,Home,24/08/2019,-2,10,500
16412,STORE_B,Electronics,1/31/2020,10,50,100
67757,Store_A,Clothing,7/26/2019,10,,500
30504,STORE_B,Eletronics,9/12/2020,2,100,500
18507,Store_B,Eletronics,21/08/2020,10,,
31050,Store_A,Eletronics,15/03/2019,1,,200
14820,Store C,Groceries,4/6/2020,5,20,200
17835,Store C,Groceries,9/9/2019,2,10,
23587,STORE_B,Home,13/07/2020,3,100,200
67732,STORE_B,Home,16/05/2019,,50,-50
61921,Store_A,Groceries,7/28/2019,-2,100,200
55499,Store_A,Eletronics,12/8/2019,10,10,500
16840,STORE_B,Groceries,6/22/2020,10,20,500
75077,Store_B,Electronics,14/04/2019,2,10,100
41440,Store C,Eletronics,5/17/2020,,50,
45183,Store_A,Groceries,13/08/2019,,100,100
12389,Store_B,Home,5/28/2020,10,,500
65076,STORE_B,Groceries,8/2/2020,10,10,500
76299,store_a,Clothing,16/03/2020,3,-5,100
99461,Store_A,Groceries,19/04/2019,,20,-50
49023,store_a,Eletronics,12/9/2019,1,20,200
60029,Store_B,Groceries,3/24/2019,-2,100,-50
49941,Store C,Home,1/12/2019,2,,-50
98993,Store_B,Electronics,6/5/2019,2,50,-50
63950,Store C,Clothing,3/28/2020,3,,-50
96959,Store_B,Eletronics,30/07/2020,-2,100,200
86054,Store_A,Home,25/04/2020,3,,
75363,Store_A,Clothing,9/8/2020,1,100,100
71742,store_a,Groceries,9/15/2020,5,,-50
55215,Store_B,Clothing,5/21/2020,2,10,-50
57857,Store_B,Electronics,1/3/2020,,20,100
65476,store_a,Clothing,17/07/2020,-2,100,100
38173,STORE_B,Clothing,9/13/2020,10,100,
19395,Store_B,Groceries,1/1/2020,-2,20,500
69768,Store_B,Groceries,29/12/2020,1,-5,
94743,Store_B,Eletronics,10/20/2019,2,-5,500
56229,STORE_B,Groceries,10/16/2020,,50,200
36639,Store_A,Clothing,25/07/2019,1,100,
72583,store_a,Electronics,26/01/2019,5,10,200
38924,STORE_B,Groceries,30/12/2020,,,100
82969,Store C,Eletronics,22/09/2019,2,10,
40104,Store C,Eletronics,10/28/2020,-2,100,100
47594,STORE_B,Clothing,3/1/2019,10,50,-50
13664,STORE_B,Groceries,11/23/2019,,100,100
20528,Store_A,Groceries,19/04/2020,2,50,-50
38190,Store C,Eletronics,9/3/2019,1,20,500
76033,store_a,Groceries,23/02/2019,5,,-50
71161,Store_B,Clothing,5/2/2019,,10,500
83177,Store_B,Electronics,27/12/2020,1,50,-50
80179,Store_A,Clothing,6/2/2020,1,10,-50
80592,Store_A,Groceries,9/29/2020,3,20,200
42899,Store C,Clothing,3/24/2019,1,100,200
80979,store_a,Home,1/28/2019,-2,50,100
27241,store_a,Home,9/23/2019,,,200
56211,STORE_B,Groceries,29/07/2020,5,50,500
73472,Store_A,Groceries,2/1/2020,10,-5,200
84248,Store_B,Electronics,19/08/2019,3,100,100
83757,Store_B,Clothing,1/2/2019,1,100,
41346,Store C,Electronics,6/9/2019,,,500
91196,Store_B,Groceries,6/11/2020,-2,,
87124,store_a,Groceries,21/03/2019,-2,20,500
52220,store_a,Eletronics,8/3/2020,-2,10,100
27942,Store_A,Electronics,3/9/2020,2,50,200
59167,Store C,Groceries,9/2/2020,3,20,
46373,Store_B,Home,7/12/2019,5,10,
77143,Store_A,Eletronics,8/15/2019,2,20,200
12016,STORE_B,Clothing,3/26/2020,5,-5,100
79110,STORE_B,Eletronics,19/04/2020,2,,200
56309,Store_B,Clothing,20/07/2019,10,,-50
17274,Store_B,Home,11/9/2020,5,100,-50
25748,Store_B,Clothing,10/16/2020,2,50,-50
30175,store_a,Electronics,7/22/2019,-2,50,
21826,Store_B,Clothing,2/6/2020,5,50,
93008,STORE_B,Clothing,4/16/2020,3,20,100
44129,Store_B,Eletronics,8/6/2019,5,20,500
80009,Store C,Home,6/28/2019,,50,200
33490,STORE_B,Clothing,7/11/2019,5,100,500
51435,Store C,Electronics,4/7/2020,2,10,
85017,STORE_B,Eletronics,14/04/2019,5,-5,200
18520,Store_A,Home,8/31/2020,10,20,
93106,STORE_B,Home,14/07/2019,1,50,100
71877,STORE_B,Groceries,26/11/2020,3,,200
29798,Store C,Electronics,16/11/2020,,20,
64638,Store C,Eletronics,24/07/2019,-2,10,-50
79072,STORE_B,Eletronics,10/27/2019,2,20,-50
77309,STORE_B,Electronics,12/17/2019,-2,10,
39894,store_a,Home,7/6/2019,-2,10,500
72963,Store_A,Clothing,1/10/2020,5,20,100
64567,Store_A,Electronics,9/14/2020,5,10,100
45326,Store_B,Eletronics,2/12/2020,5,20,
65059,STORE_B,Electronics,3/12/2019,3,20,100
15079,STORE_B,Home,11/9/2020,,100,200
35838,STORE_B,Groceries,19/05/2020,1,,100
97340,STORE_B,Groceries,11/5/2019,10,-5,-50
57109,Store_A,Clothing,5/2/2020,,10,
95211,Store C,Clothing,6/26/2019,10,20,200
35594,store_a,Home,3/2/2020,-2,10,100
52749,Store C,Clothing,9/1/2019,,20,-50
46292,Store C,Groceries,6/14/2020,2,-5,500
84534,Store_A,Home,2/22/2020,1,20,100
89233,store_a,Home,9/5/2019,1,20,-50
61818,STORE_B,Home,7/28/2019,3,,-50
23429,Store_A,Electronics,8/4/2019,,10,-50
67748,Store_A,Clothing,12/13/2020,5,,-50
58807,store_a,Eletronics,3/13/2020,1,,500
17140,Store_B,Groceries,11/7/2019,,,
73226,Store_A,Clothing,1/18/2020,5,,-50
24901,Store C,Groceries,7/9/2019,3,100,
98815,Store C,Clothing,17/07/2020,-2,10,500
38525,STORE_B,Eletronics,5/1/2019,-2,10,500
30491,Store_A,Groceries,2/11/2020,,20,200
78816,STORE_B,Eletronics,9/2/2019,,10,200
44980,Store_A,Groceries,3/7/2019,2,-5,-50
18078,store_a,Electronics,30/07/2019,,,
99521,Store_A,Electronics,8/16/2019,2,50,500
58704,Store_B,Groceries,31/05/2019,5,10,100
26997,Store C,Groceries,5/17/2019,-2,50,200
89810,store_a,Eletronics,7/13/2019,5,-5,200
10868,Store C,Home,12/6/2020,-2,100,100
36398,STORE_B,Groceries,10/19/2020,-2,20,
91578,store_a,Clothing,10/18/2020,1,20,
31246,Store_B,Clothing,8/10/2020,3,20,
30561,Store C,Clothing,18/07/2019,2,100,-50
26254,Store_A,Electronics,7/9/2020,-2,,-50
44512,Store_A,Eletronics,25/03/2020,1,50,100
99532,Store_A,Electronics,15/08/2019,10,10,500
87395,store_a,Clothing,5/11/2019,1,,100
67865,Store_B,Groceries,6/1/2020,5,20,500
33580,Store_B,Clothing,2/21/2019,10,20,100
80959,Store_B,Groceries,5/28/2020,1,,-50
82144,Store C,Eletronics,13/01/2019,,50,
52485,store_a,Home,20/12/2019,3,,200
60621,Store_A,Groceries,29/02/2020,2,100,100
60665,Store C,Electronics,5/11/2020,,20,100
80412,Store_B,Clothing,11/22/2020,10,50,200
60603,Store_A,Clothing,6/26/2020,-2,10,100
31038,store_a,Clothing,2/14/2020,3,20,
24325,STORE_B,Groceries,6/4/2019,-2,,200
45892,Store_B,Eletronics,9/24/2020,1,50,200
11753,Store_B,Groceries,2/20/2019,,20,
27996,Store_B,Electronics,20/10/2019,5,10,
78811,Store_B,Clothing,20/09/2019,5,10,200
84283,Store_A,Groceries,23/01/2020,3,-5,
55211,store_a,Clothing,6/7/2020,5,,
72820,Store C,Electronics,12/21/2019,2,100,
10824,Store_A,Home,4/12/2019,-2,,200
23880,store_a,Home,12/3/2019,3,50,100
76617,Store C,Home,12/5/2020,3,,500
21517,Store_B,Clothing,19/04/2019,5,50,200
31683,store_a,Groceries,24/12/2020,3,-5,500
26876,Store_B,Clothing,9/13/2019,1,-5,
66354,store_a,Eletronics,9/5/2019,10,-5,
83802,STORE_B,Groceries,6/16/2020,,100,100
86719,Store_B,Electronics,2/10/2019,10,-5,
96602,Store_B,Home,28/02/2019,-2,,500
88413,Store_B,Groceries,23/07/2020,,10,200
19982,Store_A,Groceries,7/14/2019,5,50,200
84504,Store C,Home,30/12/2019,2,50,100
36598,Store_B,Electronics,16/07/2020,2,10,500
24639,Store_B,Clothing,19/09/2020,5,,
80210,Store_A,Clothing,11/4/2019,-2,100,-50
79852,Store_A,Groceries,20/12/2020,5,20,100
19695,STORE_B,Home,6/5/2020,3,,100
58582,store_a,Eletronics,3/17/2019,2,-5,-50
41094,Store_B,Electronics,25/02/2019,10,,200
70635,store_a,Clothing,5/3/2019,5,50,200
32187,Store_A,Electronics,8/18/2019,-2,50,200
11214,Store_A,Electronics,3/26/2019,-2,100,-50
33940,STORE_B,Electronics,30/03/2020,10,-5,
54406,Store C,Home,2/1/2020,,100,
53481,Store_A,Home,25/10/2020,10,100,500
25977,Store_B,Home,8/3/2019,-2,10,500
54839,STORE_B,Groceries,21/10/2019,2,20,200
67874,Store C,Home,1/12/2020,,20,-50
68414,STORE_B,Groceries,2/16/2020,10,-5,100
35538,Store_A,Clothing,10/3/2019,3,100,
66241,Store C,Clothing,7/5/2020,3,50,-50
83501,store_a,Clothing,20/04/2020,2,20,500
85133,Store C,Clothing,2/14/2020,3,,
70481,Store_B,Clothing,21/11/2020,5,10,
37740,store_a,Home,8/4/2019,,50,-50
73328,store_a,Eletronics,21/01/2019,2,10,500
82105,Store_B,Home,12/15/2019,,,-50
60643,store_a,Eletronics,10/4/2019,-2,20,100
21881,Store_A,Home,10/15/2020,10,10,
46996,Store C,Clothing,18/10/2019,5,-5,-50
42177,Store C,Electronics,30/11/2019,2,10,-50
47177,Store_B,Eletronics,1/3/2019,10,10,100
76126,Store_A,Electronics,22/01/2020,10,,-50
66531,store_a,Clothing,18/12/2019,10,50,
36119,Store C,Eletronics,9/1/2019,10,50,200
37915,Store C,Electronics,2/11/2020,10,,200
12708,Store C,Home,1/18/2019,2,10,500
48749,Store C,Clothing,20/01/2019,3,10,100
54989,STORE_B,Home,8/8/2020,10,100,500
32106,Store_B,Home,6/6/2019,-2,-5,200
27131,store_a,Clothing,11/28/2019,-2,20,100
56553,store_a,Eletronics,9/10/2019,5,20,-50
68144,Store_B,Groceries,6/18/2019,2,50,-50
16553,Store_A,Groceries,14/02/2019,1,,
27881,Store_B,Clothing,28/04/2019,3,10,200
11379,Store C,Groceries,29/07/2019,5,-5,-50
79306,Store C,Electronics,7/25/2019,-2,20,100
29726,Store_B,Eletronics,6/4/2020,10,,-50
19088,Store_B,Home,14/10/2019,2,,500
44314,store_a,Home,30/09/2020,2,10,500
65041,store_a,Clothing,10/31/2019,10,-5,500
26350,STORE_B,Home,4/25/2019,-2,,500
91397,STORE_B,Electronics,10/25/2020,5,20,500
89509,Store C,Electronics,3/28/2019,2,100,
27769,STORE_B,Clothing,23/01/2020,,20,500
57249,STORE_B,Home,12/1/2019,-2,-5,
92862,Store_A,Groceries,3/3/2020,-2,100,
56365,Store_B,Groceries,3/25/2020,3,,-50
60185,store_a,Eletronics,24/02/2019,5,20,100
12786,STORE_B,Clothing,12/15/2020,-2,10,500
11620,store_a,Eletronics,1/2/2019,10,-5,100
46303,STORE_B,Groceries,6/1/2020,-2,,200
29589,STORE_B,Groceries,8/9/2020,5,10,
12882,Store C,Groceries,12/1/2019,,100,200
72248,Store_A,Eletronics,26/01/2020,-2,50,
59322,Store_B,Clothing,4/20/2019,5,50,500
34524,Store_B,Electronics,11/9/2020,-2,100,200
19745,Store C,Electronics,1/6/2020,1,50,-50
25861,Store C,Groceries,21/09/2020,10,-5,200
64261,Store_B,Clothing,8/6/2019,3,,
12837,Store_B,Clothing,8/21/2020,10,,
84135,Store_A,Home,11/11/2019,1,-5,100
91447,STORE_B,Home,12/22/2020,10,20,200
64380,Store_A,Eletronics,11/1/2019,10,,-50
96089,Store_B,Home,12/7/2019,3,50,500
59831,STORE_B,Eletronics,18/07/2020,1,-5,100
99349,Store_B,Electronics,15/04/2019,10,10,200
48255,Store_A,Groceries,3/21/2020,,20,100
39520,Store_A,Clothing,20/07/2019,-2,10,200
39541,Store_A,Electronics,10/5/2019,10,50,500
75772,STORE_B,Electronics,1/12/2020,2,10,500
37350,store_a,Eletronics,8/20/2019,10,50,-50
54397,store_a,Groceries,8/14/2020,3,,100
87085,Store_B,Eletronics,3/1/2020,2,20,-50
73865,STORE_B,Electronics,14/12/2019,,100,200
65956,Store C,Clothing,3/16/2020,-2,50,500
37453,store_a,Home,2/3/2019,,-5,500
72345,STORE_B,Eletronics,11/25/2019,,-5,
22906,STORE_B,Electronics,24/04/2019,1,,
24988,store_a,Home,3/29/2020,,-5,-50
37723,STORE_B,Home,11/11/2020,5,10,100
43800,STORE_B,Electronics,2/2/2019,3,,200
49107,store_a,Groceries,23/12/2020,1,-5,-50
37430,Store_A,Electronics,22/02/2020,2,10,500
42535,Store_B,Clothing,6/6/2020,5,10,500
78476,Store C,Home,4/26/2020,1,10,500
97329,Store_B,Clothing,11/13/2019,3,-5,200
87798,Store_A,Eletronics,5/2/2019,2,10,-50
62284,Store_A,Home,8/3/2020,3,20,200
66232,STORE_B,Groceries,28/08/2020,3,-5,500
54420,Store_B,Electronics,5/1/2020,2,10,
47710,Store_A,Eletronics,1/11/2019,,20,-50
82497,Store_B,Clothing,5/5/2019,10,100,
50498,Store_A,Eletronics,10/20/2020,3,20,-50
41283,Store C,Groceries,5/1/2020,,-5,500
76169,Store_A,Electronics,8/2/2020,-2,-5,
82358,Store_B,Eletronics,12/18/2020,2,10,
72457,STORE_B,Clothing,12/6/2020,3,-5,-50
35968,Store_B,Eletronics,8/2/2019,10,100,
72508,store_a,Electronics,30/06/2020,-2,,
73220,Store_B,Eletronics,22/06/2019,2,20,500
95366,Store C,Clothing,2/10/2020,1,,-50
15738,Store C,Electronics,19/06/2020,1,100,-50
13098,Store C,Groceries,10/4/2019,,20,100
83633,Store_A,Groceries,27/05/2020,1,10,-50
88672,Store C,Home,1/6/2020,5,20,500
48244,Store_B,Eletronics,13/07/2019,3,10,
18253,STORE_B,Clothing,29/01/2020,3,50,100
64333,Store C,Eletronics,3/5/2019,2,20,
60969,Store_B,Electronics,5/21/2020,5,20,-50
80423,Store_A,Home,15/09/2020,3,,200
54411,Store_A,Clothing,8/25/2019,2,,
85028,STORE_B,Eletronics,20/09/2019,10,100,-50
45421,STORE_B,Clothing,23/09/2020,3,10,500
11454,Store_B,Electronics,21/01/2019,,-5,-50
27522,STORE_B,Home,5/20/2020,3,,100
48575,STORE_B,Clothing,6/14/2019,10,100,200
13192,Store_A,Electronics,25/04/2019,10,10,200
65268,Store_B,Groceries,12/28/2020,3,10,200
91311,STORE_B,Clothing,25/05/2020,10,10,500
20402,Store_B,Home,1/11/2020,2,50,200
88610,Store C,Clothing,1/11/2019,3,10,
90781,Store_A,Clothing,25/12/2020,3,100,500
46527,Store_A,Electronics,3/24/2019,1,10,-50
62181,Store_A,Eletronics,3/6/2020,,-5,100
37002,store_a,Eletronics,4/22/2020,3,-5,500
91219,Store_B,Clothing,21/02/2019,-2,10,100
22460,Store C,Home,1/4/2020,1,100,500
40482,STORE_B,Home,12/8/2019,10,20,-50
26447,Store C,Electronics,5/21/2019,,10,100
58228,Store_B,Clothing,12/20/2020,,100,500
93265,Store_A,Clothing,26/11/2020,10,,100
60126,store_a,Eletronics,12/10/2019,2,100,200
30545,Store_B,Electronics,10/15/2019,1,50,200
65114,Store_B,Groceries,12/21/2019,3,,200
85350,STORE_B,Home,12/9/2019,1,-5,
67801,Store C,Home,5/29/2019,10,-5,200
23890,Store C,Clothing,7/29/2019,10,20,200
62482,STORE_B,Electronics,9/2/2020,-2,20,-50
73397,store_a,Groceries,10/15/2020,2,100,100
11740,Store_A,Home,2/9/2019,,100,100
40121,Store_A,Electronics,6/19/2020,,10,200
21218,store_a,Groceries,8/12/2019,10,10,100
81591,STORE_B,Clothing,11/27/2019,1,-5,500
98241,Store_B,Eletronics,12/31/2019,,50,200
44722,Store C,Home,1/11/2019,-2,10,200
59431,Store_B,Home,25/04/2020,-2,-5,
61543,Store C,Groceries,5/23/2020,3,100,500
52000,Store_B,Eletronics,8/2/2020,3,100,200
81975,STORE_B,Electronics,18/01/2020,1,10,200
40921,STORE_B,Clothing,9/13/2020,2,50,100
98747,store_a,Electronics,19/06/2019,3,-5,200
40614,Store_B,Groceries,12/18/2020,1,100,200
71189,Store_B,Home,21/11/2019,1,-5,200
27601,store_a,Home,11/23/2019,10,50,200
81543,store_a,Electronics,3/15/2019,,100,
30514,STORE_B,Clothing,9/8/2019,10,-5,500
93312,STORE_B,Groceries,3/25/2020,,50,
77612,Store_B,Clothing,24/06/2019,2,50,100
26292,STORE_B,Groceries,12/21/2019,2,50,-50
41510,STORE_B,Clothing,6/16/2020,2,10,200
38000,Store_B,Electronics,10/23/2019,1,20,100
40383,store_a,Eletronics,10/25/2019,1,-5,-50
21785,Store_B,Groceries,12/9/2020,10,50,200
50910,Store_A,Electronics,10/29/2019,3,-5,200
49028,Store_B,Home,5/26/2020,-2,50,-50
34855,Store_A,Home,22/09/2020,,-5,
34281,Store_B,Clothing,8/7/2020,,100,-50
14841,Store_A,Home,1/9/2020,2,-5,-50
70155,Store_A,Eletronics,22/01/2020,,20,500
36918,Store_B,Groceries,5/12/2019,5,100,200
66313,STORE_B,Clothing,28/06/2019,2,100,200
27443,Store C,Groceries,2/22/2019,-2,50,
42250,STORE_B,Groceries,8/17/2019,,,
11922,Store_A,Electronics,10/1/2020,10,20,500
41976,Store_B,Home,19/05/2020,,100,500
21991,Store_B,Groceries,7/3/2019,1,,500
63744,Store_B,Eletronics,1/3/2019,10,,
32733,Store_B,Eletronics,5/9/2020,10,100,-50
12473,Store C,Home,2/5/2019,10,50,200
18108,store_a,Home,11/1/2020,5,10,200
38715,Store_A,Clothing,9/6/2020,5,100,100
42210,Store C,Clothing,30/12/2019,,50,
47317,STORE_B,Clothing,7/8/2019,2,20,
75516,store_a,Home,10/24/2020,,50,500
43362,store_a,Groceries,1/8/2019,,,100
64604,Store_B,Electronics,11/28/2019,,20,100
14889,Store C,Clothing,5/11/2019,-2,20,
99557,STORE_B,Electronics,10/27/2020,1,10,500
83748,Store_B,Eletronics,10/30/2020,10,10,200
41971,Store_B,Home,21/01/2020,3,100,500
60551,Store_A,Eletronics,8/7/2020,-2,50,200
13201,store_a,Clothing,6/10/2019,2,100,
99882,STORE_B,Groceries,12/17/2019,2,10,500
47958,store_a,Clothing,11/4/2020,10,,100
89251,Store C,Electronics,11/13/2019,2,10,-50
15681,Store_A,Clothing,25/07/2019,10,50,100
56870,Store_B,Groceries,1/18/2019,2,,200
92256,Store_A,Groceries,4/30/2020,,100,
77203,Store_B,Home,1/2/2020,1,100,500
38152,Store_A,Home,12/17/2019,-2,10,
60061,Store_B,Groceries,6/11/2020,-2,10,
67619,store_a,Groceries,21/05/2019,2,-5,200
68235,store_a,Electronics,28/12/2020,-2,100,
83740,store_a,Clothing,21/07/2019,2,100,500
47890,store_a,Home,9/27/2019,3,20,100
71401,Store_A,Electronics,20/05/2019,-2,50,
21217,Store_B,Clothing,27/12/2019,1,20,500
58351,store_a,Home,19/11/2019,-2,20,500
43741,Store_A,Electronics,11/12/2019,,100,200
30654,Store_B,Eletronics,6/1/2019,1,-5,
71314,Store_A,Eletronics,6/13/2019,-2,50,200
11408,store_a,Home,14/07/2019,1,100,100
52903,Store C,Electronics,11/16/2019,-2,20,100
94208,Store_A,Clothing,3/11/2019,2,20,500
11218,store_a,Clothing,10/6/2019,5,100,
60572,STORE_B,Electronics,3/7/2020,2,10,500
68798,Store_B,Eletronics,10/29/2020,10,10,
40105,store_a,Electronics,9/25/2020,-2,100,200
79634,STORE_B,Eletronics,9/7/2020,3,,100
75063,Store_A,Eletronics,6/5/2020,1,,100
17619,Store_A,Clothing,21/08/2019,10,10,200
21939,STORE_B,Home,9/4/2020,,50,-50
28226,STORE_B,Groceries,12/24/2019,10,-5,-50
35322,Store_B,Electronics,2/11/2019,5,20,-50
68215,Store_A,Eletronics,12/25/2020,-2,50,
26878,STORE_B,Electronics,11/3/2020,1,10,200
16560,Store C,Home,8/20/2019,2,100,
48278,Store C,Home,4/15/2020,1,,
46212,STORE_B,Groceries,28/03/2020,3,10,200
83079,Store_B,Groceries,9/30/2020,1,50,
33946,Store_A,Eletronics,7/13/2020,10,50,200
41740,Store C,Groceries,7/7/2020,10,-5,-50
17253,STORE_B,Eletronics,7/26/2020,2,10,-50
89311,STORE_B,Clothing,8/24/2020,2,20,
42813,store_a,Eletronics,13/10/2020,2,50,100
74331,STORE_B,Groceries,9/12/2019,,20,200
37632,Store_B,Electronics,8/24/2020,-2,20,500
58365,Store C,Groceries,10/7/2019,3,100,500
77593,store_a,Home,4/27/2019,,10,
43431,Store C,Groceries,9/1/2020,,10,100
47436,Store C,Clothing,30/03/2020,,20,200
28413,Store_B,Eletronics,1/5/2019,1,100,-50
48485,STORE_B,Home,10/25/2019,5,50,
78232,Store_B,Eletronics,4/7/2019,-2,50,200
26101,STORE_B,Eletronics,12/8/2020,1,10,200
18831,store_a,Groceries,12/10/2020,2,20,200
94583,Store_B,Electronics,6/1/2020,3,100,100
61897,Store_B,Home,1/13/2020,,100,200
15004,Store_A,Clothing,3/1/2020,1,50,100
98241,Store_B,Clothing,6/20/2020,-2,50,100
55924,Store_A,Electronics,7/6/2020,10,,200
31509,STORE_B,Electronics,6/18/2019,-2,,-50
47170,STORE_B,Groceries,5/29/2020,,20,200
53555,STORE_B,Clothing,18/10/2020,-2,,-50
24662,Store_A,Home,3/5/2020,1,100,
75930,STORE_B,Electronics,7/22/2020,10,,500
57403,Store C,Electronics,3/24/2019,1,10,
46365,Store_B,Electronics,11/26/2019,1,10,100
72188,Store_A,Home,11/21/2020,,-5,
86060,STORE_B,Clothing,1/3/2020,1,50,500
36673,Store C,Home,4/1/2020,2,50,500
73471,Store_B,Home,12/19/2019,-2,20,-50
27156,Store_B,Groceries,12/10/2019,10,10,
67287,STORE_B,Electronics,22/01/2020,3,-5,100
11645,Store C,Clothing,5/11/2020,5,20,100
69076,Store_A,Groceries,31/01/2019,-2,20,-50
85351,STORE_B,Groceries,10/8/2020,,,-50
60151,Store_B,Eletronics,7/17/2019,10,50,
77384,Store_B,Electronics,3/20/2019,2,20,-50
43541,Store_B,Clothing,11/8/2020,10,20,500
82847,STORE_B,Clothing,7/4/2020,3,50,100
97099,store_a,Clothing,30/03/2019,,50,500
90739,store_a,Electronics,8/2/2019,10,10,200
60955,store_a,Clothing,10/30/2020,-2,50,500
19290,Store C,Home,15/09/2019,2,,100
68942,STORE_B,Home,12/6/2019,,10,200
92667,Store_B,Electronics,6/8/2019,2,-5,
40143,Store C,Clothing,8/1/2019,,20,200
34509,store_a,Eletronics,7/10/2020,5,,-50
97780,Store_A,Eletronics,7/20/2019,3,,100
46741,Store C,Eletronics,1/22/2019,5,10,-50
36898,Store C,Home,23/09/2020,-2,20,500
95674,STORE_B,Eletronics,18/06/2020,-2,10,
72948,Store C,Clothing,14/06/2020,-2,100,100
71768,STORE_B,Clothing,17/03/2020,1,100,
53262,Store_A,Eletronics,23/02/2019,-2,10,100
15506,Store_B,Groceries,1/7/2019,2,20,-50
30605,Store_B,Eletronics,9/6/2020,5,20,500
88590,store_a,Groceries,14/03/2019,2,50,200
38231,store_a,Electronics,6/2/2019,,,
89397,Store_A,Electronics,8/1/2020,2,10,100
87123,Store_B,Clothing,5/1/2020,1,,100
23515,store_a,Home,5/3/2020,2,,
97211,Store C,Clothing,14/07/2019,,100,200
48622,STORE_B,Clothing,3/28/2019,,100,500
26600,store_a,Home,8/10/2019,5,-5,100
37892,Store_A,Clothing,2/17/2020,-2,10,100
93279,Store_B,Home,8/6/2020,3,-5,
79310,Store_A,Clothing,7/21/2019,10,10,
31801,STORE_B,Electronics,7/24/2020,5,20,100
47695,STORE_B,Groceries,22/07/2020,1,10,100
38853,Store_A,Clothing,8/9/2019,10,20,100
14429,store_a,Groceries,6/6/2019,2,20,-50
14606,store_a,Eletronics,18/04/2020,5,10,100
14478,Store_B,Clothing,5/9/2019,10,20,500
93816,Store_B,Electronics,19/06/2020,-2,,500
50134,Store C,Home,9/4/2020,-2,20,200
79963,Store C,Electronics,26/05/2019,5,,
80897,Store_B,Groceries,9/27/2019,-2,,200
35475,Store C,Home,14/12/2020,2,,100
76177,Store_A,Electronics,6/12/2019,,50,
31730,store_a,Electronics,12/8/2019,5,-5,100
31113,Store C,Electronics,1/24/2019,1,50,
30011,Store C,Home,5/11/2020,10,20,-50
65746,Store_A,Electronics,7/12/2019,10,-5,-50
52853,STORE_B,Electronics,27/05/2019,10,-5,-50
95195,Store_B,Groceries,1/25/2020,5,-5,200
46818,Store_A,Electronics,5/11/2020,2,10,
47321,STORE_B,Electronics,21/08/2019,5,20,200
31309,Store_A,Eletronics,16/03/2019,5,50,
28688,store_a,Home,5/9/2019,-2,-5,100
38176,Store_A,Eletronics,17/10/2019,,-5,-50
78879,Store_A,Groceries,7/6/2020,10,100,-50
77592,store_a,Eletronics,25/11/2019,2,-5,
94728,Store_B,Clothing,12/27/2019,3,-5,200
99012,STORE_B,Home,3/2/2019,2,100,200
19416,Store C,Electronics,22/05/2020,-2,20,500
49994,Store_B,Eletronics,10/14/2019,5,50,-50
76422,Store_A,Eletronics,6/2/2019,1,,-50
18584,Store C,Electronics,13/07/2019,2,50,200
28830,store_a,Electronics,1/4/2020,10,20,-50
95825,Store_B,Groceries,17/06/2019,1,50,200
87066,STORE_B,Eletronics,23/04/2020,3,100,500
13591,Store_B,Eletronics,20/12/2019,3,-5,
31395,Store_B,Clothing,9/19/2019,1,-5,
64182,Store C,Clothing,26/02/2019,-2,,500
26738,store_a,Eletronics,4/21/2019,3,20,-50
12631,store_a,Clothing,30/07/2019,1,-5,100
27905,Store_B,Eletronics,5/21/2019,5,20,-50
29056,store_a,Home,14/01/2019,1,10,200
99082,Store C,Groceries,6/18/2020,5,,100
45447,Store C,Clothing,3/20/2019,-2,20,500
64418,STORE_B,Eletronics,20/11/2019,10,50,
47190,store_a,Clothing,5/23/2020,10,50,
36014,STORE_B,Groceries,28/08/2019,3,50,-50
82999,Store_A,Home,3/7/2019,,50,
60278,Store C,Electronics,25/10/2020,,20,-50
11780,Store_B,Electronics,10/14/2019,1,100,200
69258,Store C,Clothing,13/04/2020,-2,,200
52192,Store_A,Eletronics,5/3/2019,5,50,500
69300,Store_B,Groceries,7/6/2020,10,20,200
53923,store_a,Home,7/8/2020,-2,-5,-50
99196,store_a,Home,30/09/2019,10,-5,
12395,Store C,Home,1/4/2019,10,20,200
25779,Store_B,Electronics,2/16/2020,3,50,200
81028,Store_B,Groceries,9/7/2019,10,10,-50
39722,STORE_B,Electronics,29/09/2020,,20,200
17111,Store_A,Clothing,17/09/2020,2,,
19984,store_a,Home,3/28/2020,3,,
82328,Store C,Groceries,6/7/2019,1,10,
36924,Store_B,Home,16/04/2019,2,-5,
62703,store_a,Electronics,10/10/2019,3,-5,100
42577,Store C,Electronics,16/07/2020,-2,20,
17711,store_a,Electronics,11/12/2020,3,10,100
95548,Store C,Home,18/11/2019,5,20,
14096,store_a,Groceries,4/9/2019,2,20,
76555,STORE_B,Groceries,12/1/2019,2,10,-50
99848,Store_A,Clothing,14/06/2020,,-5,
85012,store_a,Home,6/2/2019,2,100,200
18254,Store_A,Clothing,18/01/2019,10,50,
87120,store_a,Clothing,13/04/2019,,50,500
15965,Store_B,Clothing,12/2/2020,-2,50,-50
87000,STORE_B,Clothing,18/03/2019,10,10,-50
87975,STORE_B,Electronics,27/01/2019,,20,
67987,Store_A,Clothing,22/11/2020,1,20,500
42963,Store_B,Groceries,21/11/2019,-2,,
13273,Store C,Clothing,6/15/2020,,20,200
25330,STORE_B,Electronics,2/22/2019,1,-5,-50
31494,Store_B,Eletronics,12/18/2020,,100,-50
86422,Store_B,Eletronics,2/5/2020,1,50,500
13212,Store_A,Eletronics,20/08/2020,10,-5,100
93441,Store_B,Home,12/11/2019,-2,-5,500
97594,Store_B,Groceries,10/1/2020,-2,100,200
11080,Store C,Electronics,1/1/2019,,50,500
42675,Store_A,Eletronics,6/16/2019,5,10,100
32007,Store_A,Electronics,11/13/2019,,100,200
92641,Store_B,Electronics,20/04/2020,1,-5,200
56815,Store C,Home,22/08/2019,-2,20,100
93482,store_a,Eletronics,16/06/2019,3,50,
10639,STORE_B,Clothing,9/30/2019,10,,500
73593,Store_A,Electronics,1/8/2020,5,100,200
88038,Store C,Eletronics,16/10/2020,3,-5,500
13736,Store C,Electronics,18/06/2019,3,10,100
26473,Store_B,Home,7/20/2019,10,-5,-50
44019,STORE_B,Home,29/04/2020,,,100
96623,Store_A,Clothing,25/09/2020,2,10,500
46820,store_a,Home,14/08/2020,5,50,200
94861,Store_B,Eletronics,5/20/2019,,100,500
67589,Store_A,Home,11/2/2019,10,10,-50
75807,Store_A,Clothing,3/5/2020,2,,200
28414,Store C,Groceries,20/12/2019,10,-5,-50
34220,STORE_B,Electronics,12/26/2019,10,,
70531,store_a,Electronics,11/3/2019,3,20,100
52425,STORE_B,Eletronics,11/29/2019,-2,10,
19387,Store C,Clothing,11/1/2020,,100,500
86815,store_a,Clothing,11/30/2019,10,100,
37584,store_a,Clothing,5/31/2020,,-5,100
54783,Store_B,Electronics,12/31/2020,2,-5,200
49809,store_a,Home,12/7/2019,3,-5,-50
64327,Store_A,Electronics,4/2/2019,2,20,200
20857,STORE_B,Electronics,17/11/2020,2,,
52261,STORE_B,Electronics,23/02/2019,3,-5,500
83588,Store_B,Home,3/11/2020,,10,
26995,store_a,Groceries,1/21/2019,2,-5,100
23580,Store C,Eletronics,28/05/2019,1,,100
28240,Store_A,Groceries,6/26/2019,,10,500
93446,Store_B,Groceries,17/10/2020,-2,10,200
85752,store_a,Electronics,1/22/2019,-2,10,100
56111,Store C,Groceries,16/04/2019,10,,100
44866,store_a,Electronics,17/08/2019,3,-5,500
90974,Store_B,Electronics,7/1/2020,-2,,200
83401,Store C,Eletronics,9/7/2019,3,,
92093,Store C,Clothing,10/22/2020,,50,-50
22211,Store C,Electronics,9/8/2019,1,,500
68985,Store C,Groceries,1/1/2020,1,20,200
43268,store_a,Eletronics,19/01/2020,1,50,-50
13646,Store C,Groceries,13/04/2020,1,10,500
65371,store_a,Clothing,5/6/2019,5,-5,
52816,Store C,Home,11/5/2020,3,100,
99460,Store C,Clothing,22/06/2020,2,-5,200
54112,Store_B,Eletronics,9/2/2020,3,50,200
61048,store_a,Clothing,17/07/2020,-2,50,
64911,store_a,Clothing,6/10/2019,3,10,
85446,STORE_B,Eletronics,2/13/2019,3,,500
11778,Store_B,Eletronics,7/1/2020,1,,200
55752,store_a,Groceries,5/4/2020,1,50,-50
94977,Store_B,Electronics,3/10/2020,5,,
80726,Store_B,Home,19/11/2019,,50,-50
90840,Store_B,Home,4/3/2019,3,-5,200
37289,Store_A,Home,12/23/2019,10,100,200
54788,store_a,Clothing,24/06/2020,,-5,100
14747,Store_B,Eletronics,9/10/2019,-2,100,
84822,Store_A,Eletronics,23/02/2019,5,10,200
10045,Store_A,Eletronics,12/21/2020,-2,20,200
17758,Store C,Electronics,5/11/2020,1,20,
33437,Store C,Eletronics,6/1/2019,-2,-5,100
29585,store_a,Eletronics,18/06/2019,3,,100
19854,Store C,Clothing,12/12/2020,1,20,100
62076,store_a,Groceries,5/3/2019,,100,100
66950,Store_A,Home,9/8/2020,2,10,500
27349,Store_A,Clothing,11/15/2020,1,100,
31348,store_a,Clothing,5/23/2019,1,50,
44296,Store C,Clothing,29/09/2019,5,,
29455,Store C,Home,26/07/2019,2,,100
88824,store_a,Clothing,5/25/2020,,20,100
64021,STORE_B,Groceries,2/26/2019,10,50,200
81923,Store C,Eletronics,2/11/2019,10,20,500
49293,Store_B,Groceries,31/03/2019,10,20,
98552,Store C,Eletronics,18/02/2020,3,20,500
56116,STORE_B,Eletronics,12/9/2019,10,50,
50484,Store_A,Clothing,11/28/2019,3,20,100
40215,Store_A,Clothing,30/12/2020,,,100
91638,Store_A,Home,12/7/2019,,20,
13404,Store C,Electronics,12/7/2019,1,50,-50
47260,Store_A,Groceries,9/12/2020,10,50,100
75642,STORE_B,Home,28/04/2019,5,100,200
90731,STORE_B,Home,7/1/2019,,20,100
56009,Store C,Groceries,10/9/2019,2,50,200
39605,Store_B,Groceries,10/7/2020,2,-5,500
63205,Store C,Eletronics,17/05/2020,,20,100
47569,Store_A,Electronics,6/6/2020,1,10,100
15580,Store C,Clothing,7/1/2019,-2,,500
15400,STORE_B,Electronics,9/8/2019,2,,200
49643,Store C,Electronics,5/18/2019,2,-5,-50
96173,Store C,Clothing,25/05/2020,-2,20,200
49015,Store_B,Electronics,20/01/2019,1,,
81713,STORE_B,Home,3/29/2020,-2,,
82805,store_a,Home,1/6/2019,1,10,
24974,store_a,Clothing,3/28/2019,1,,500
24037,STORE_B,Clothing,10/20/2019,5,,200
94292,store_a,Groceries,4/2/2019,1,50,100
26167,Store_A,Groceries,7/27/2019,1,,
98754,store_a,Electronics,11/5/2020,1,20,200
53148,Store_A,Electronics,7/5/2019,,,100
82153,STORE_B,Clothing,13/01/2020,10,20,200
31534,store_a,Electronics,6/5/2019,,,500
96078,store_a,Eletronics,10/20/2019,10,20,
66879,Store_A,Home,6/16/2020,5,,-50
75839,Store_A,Electronics,6/10/2019,5,-5,
39756,Store C,Electronics,9/11/2020,2,20,
22683,Store_B,Groceries,30/04/2019,-2,,500
59485,store_a,Eletronics,6/5/2019,-2,10,100
21025,Store_B,Electronics,5/23/2019,,50,
96426,Store_B,Home,30/07/2020,10,50,100
28715,store_a,Electronics,7/15/2020,5,50,100
80097,Store_A,Clothing,2/4/2019,5,50,500
97116,Store C,Eletronics,8/12/2019,,10,
85705,STORE_B,Electronics,10/29/2020,2,-5,500
27116,store_a,Eletronics,1/28/2020,1,-5,500
46744,store_a,Electronics,2/12/2020,3,10,-50
97579,STORE_B,Home,11/11/2020,2,,500
12124,Store_B,Home,10/24/2019,-2,10,-50
48051,Store C,Eletronics,11/19/2019,-2,50,100
17176,Store_B,Groceries,2/8/2019,3,-5,100
74818,STORE_B,Groceries,5/19/2020,2,100,200
28676,STORE_B,Clothing,22/01/2019,2,,200
55177,Store C,Groceries,31/08/2020,1,20,100
10997,STORE_B,Eletronics,14/02/2020,5,-5,
69330,STORE_B,Groceries,26/09/2020,10,50,200
53769,Store C,Clothing,8/28/2019,2,-5,500
88653,store_a,Electronics,11/17/2020,1,50,200
21231,Store_B,Groceries,9/1/2019,-2,50,100
82976,store_a,Eletronics,23/09/2019,3,-5,
95447,store_a,Eletronics,5/1/2020,,-5,100
65965,Store_B,Clothing,3/2/2019,-2,-5,
91144,store_a,Clothing,4/12/2020,,10,200
71517,Store C,Home,9/14/2020,5,-5,500
37387,Store_B,Home,5/1/2019,,20,500
14090,Store_A,Home,10/25/2019,2,,100
34945,store_a,Electronics,11/12/2019,3,50,
50239,STORE_B,Eletronics,2/1/2019,2,-5,200
13743,Store_B,Home,27/09/2019,,20,
40924,Store_A,Eletronics,10/31/2019,10,100,
20196,STORE_B,Clothing,3/8/2020,-2,-5,
78860,Store_A,Electronics,10/25/2020,,10,200
51400,store_a,Clothing,17/06/2019,10,50,
95177,STORE_B,Eletronics,15/02/2020,,20,500
90399,store_a,Home,17/12/2020,5,-5,100
58795,STORE_B,Clothing,1/3/2019,3,20,-50
61553,Store_B,Groceries,10/8/2020,10,50,
34111,Store C,Electronics,7/28/2019,1,20,500
73083,Store C,Eletronics,24/02/2020,5,20,500
71600,Store_A,Home,8/8/2020,2,-5,100
60022,STORE_B,Clothing,6/2/2020,,-5,100
13199,store_a,Electronics,29/05/2020,3,,-50
60897,Store_B,Home,3/18/2019,3,10,-50
48038,Store_B,Clothing,12/4/2019,,,-50
65038,Store_B,Eletronics,12/5/2019,1,10,200
17897,Store C,Groceries,1/7/2019,-2,10,200
74541,store_a,Groceries,21/07/2020,-2,,500
24892,Store_B,Eletronics,17/03/2019,10,50,100
18271,Store_B,Electronics,14/02/2020,,20,
34815,Store_A,Eletronics,7/8/2020,3,100,100
55612,STORE_B,Clothing,17/07/2020,1,,200
43357,STORE_B,Electronics,25/03/2020,-2,,500
85088,STORE_B,Groceries,7/25/2020,1,50,
26267,Store_A,Clothing,21/04/2020,-2,20,-50
28268,Store C,Home,2/28/2020,2,-5,-50
24263,Store_A,Home,11/3/2020,1,,200
80935,Store_B,Home,5/11/2019,5,100,500
69660,store_a,Groceries,14/07/2019,3,20,100
75527,Store_B,Eletronics,4/8/2019,5,,200
73379,Store_B,Electronics,10/27/2019,-2,-5,100
51271,store_a,Groceries,16/01/2019,1,,
76612,STORE_B,Clothing,15/12/2020,1,-5,100
17235,Store_A,Clothing,22/08/2020,5,10,
98757,Store C,Home,10/1/2019,2,10,500
26417,Store_B,Electronics,9/18/2019,1,,200
44609,Store_B,Home,15/06/2020,5,50,100
43902,Store C,Clothing,24/07/2019,5,10,500
33645,Store_A,Clothing,11/28/2019,3,,500
72873,Store_B,Eletronics,4/25/2019,2,-5,100
97218,Store C,Eletronics,9/25/2019,10,20,-50
74558,Store_B,Eletronics,1/12/2019,5,-5,-50
72233,STORE_B,Home,3/14/2019,3,100,
33401,STORE_B,Electronics,12/10/2019,10,10,500
17771,Store_B,Eletronics,23/05/2019,3,,200
51335,Store_B,Groceries,2/10/2020,3,10,200
84451,STORE_B,Eletronics,6/27/2019,,-5,500
89434,Store_B,Home,10/2/2019,2,-5,-50
77449,Store_A,Electronics,3/8/2019,1,20,500
11942,Store_A,Eletronics,5/7/2020,2,50,
30388,store_a,Electronics,2/4/2020,10,,500
93251,Store_A,Groceries,9/27/2019,,20,100
67042,Store_B,Clothing,4/30/2020,2,100,-50
63740,Store_B,Electronics,2/28/2019,1,,100
75873,Store C,Eletronics,10/3/2020,2,100,100
57024,Store_A,Home,5/6/2019,2,50,500
33450,STORE_B,Home,9/23/2019,2,,500
66965,STORE_B,Home,3/16/2019,5,,200
20057,store_a,Home,18/01/2020,5,20,100
18983,Store C,Electronics,5/19/2020,2,10,500
29995,STORE_B,Home,12/23/2019,1,,200
87681,store_a,Clothing,6/3/2019,-2,50,100
48886,Store_A,Groceries,25/05/2020,1,,200
99025,Store C,Electronics,4/30/2020,1,,-50
12673,Store C,Electronics,27/02/2020,1,,
44890,Store_B,Home,3/7/2019,,,100
87513,Store_A,Home,12/3/2020,,50,500
33466,Store C,Electronics,1/15/2020,3,20,-50
60406,store_a,Home,28/08/2020,2,10,200
13688,STORE_B,Home,2/11/2020,-2,50,
79284,Store_A,Home,30/11/2020,-2,50,100
23665,Store_A,Home,10/4/2019,2,100,
30641,Store C,Home,9/6/2020,3,10,-50
42500,Store C,Eletronics,2/12/2020,1,20,
45797,Store C,Eletronics,11/10/2019,10,-5,100
94766,store_a,Eletronics,7/2/2020,10,20,-50
55950,Store_B,Electronics,25/06/2020,3,-5,200
35046,Store C,Groceries,4/5/2020,-2,100,100
19638,Store_B,Electronics,2/3/2020,10,100,
96363,Store_B,Eletronics,3/26/2020,5,50,100
31173,Store_A,Electronics,4/15/2020,2,20,-50
23222,STORE_B,Groceries,27/12/2020,10,-5,
60064,STORE_B,Home,13/08/2019,,20,200
47010,store_a,Clothing,12/7/2020,,-5,500
28095,store_a,Eletronics,4/13/2019,-2,20,200
11439,STORE_B,Eletronics,11/24/2019,-2,50,100
95550,STORE_B,Groceries,8/23/2020,5,-5,500
15375,Store_A,Home,9/3/2019,2,20,-50
99023,Store_A,Home,17/12/2019,5,,
30600,STORE_B,Clothing,4/15/2019,2,100,
12466,Store C,Home,11/22/2020,2,100,-50
55097,Store C,Groceries,29/08/2019,-2,-5,100
63276,Store_A,Home,28/12/2019,10,100,200
60117,Store_B,Groceries,19/09/2019,,100,500
56971,STORE_B,Eletronics,17/08/2020,3,,-50
16928,store_a,Eletronics,6/2/2019,10,10,100
98016,Store C,Eletronics,24/11/2019,-2,20,100
65309,Store_B,Electronics,14/08/2019,1,-5,500
84647,Store C,Eletronics,4/11/2019,5,100,-50
50888,Store_B,Groceries,3/2/2020,-2,20,200
53832,STORE_B,Clothing,12/30/2020,1,20,200
19404,STORE_B,Home,3/15/2019,2,,-50
43639,STORE_B,Eletronics,5/5/2019,-2,20,
88118,Store_A,Electronics,10/12/2019,10,100,200
70598,Store_B,Electronics,4/5/2020,1,-5,
76399,store_a,Groceries,10/7/2019,1,20,-50
37684,store_a,Clothing,25/02/2019,,,100
78591,STORE_B,Eletronics,11/16/2020,-2,-5,-50
87722,store_a,Eletronics,26/08/2019,1,-5,100
12682,Store C,Electronics,21/03/2020,,-5,-50
48046,Store_B,Groceries,10/18/2019,,100,
31832,Store_B,Electronics,20/07/2019,2,,
26997,Store_B,Electronics,10/3/2020,,50,-50
44640,Store C,Clothing,6/2/2019,2,10,100
86882,Store_A,Groceries,11/8/2019,,20,-50
50491,Store C,Clothing,10/7/2020,,20,100
73043,Store_B,Groceries,21/11/2019,-2,20,
82725,Store_B,Eletronics,1/26/2019,-2,50,500
55520,Store_B,Home,9/12/2019,2,-5,200
72919,store_a,Home,15/12/2019,1,-5,
74442,Store_A,Groceries,10/20/2019,5,10,-50
31770,Store C,Home,9/28/2020,10,,-50
57498,Store_B,Electronics,8/18/2019,10,50,100
71477,STORE_B,Eletronics,2/22/2019,2,50,200
10244,Store_A,Eletronics,11/8/2019,1,100,
42788,STORE_B,Home,4/11/2019,-2,-5,200
89453,Store_A,Groceries,14/03/2019,-2,50,200
67737,Store_B,Electronics,18/05/2019,5,50,
56489,Store_A,Groceries,9/24/2019,3,20,100
81303,Store_A,Home,1/2/2019,-2,-5,100
38390,Store_B,Eletronics,1/22/2019,2,100,100
20247,STORE_B,Eletronics,7/31/2020,3,,500
79051,STORE_B,Groceries,7/31/2019,10,10,200
69719,store_a,Clothing,12/6/2020,10,,500
44678,STORE_B,Groceries,6/12/2020,-2,100,100
97802,STORE_B,Clothing,1/23/2020,5,20,
86286,Store_A,Groceries,1/14/2019,5,10,200
39583,store_a,Clothing,6/2/2020,3,,
18076,Store_B,Clothing,29/05/2020,-2,-5,-50
28006,Store_B,Clothing,9/7/2020,10,-5,200
25051,Store C,Clothing,19/08/2019,5,10,
14314,store_a,Electronics,2/7/2020,5,10,100
38670,Store_A,Clothing,10/14/2019,10,10,500
77551,Store C,Clothing,1/19/2020,-2,50,
20236,Store C,Eletronics,23/06/2020,10,100,-50
45568,Store_B,Electronics,19/01/2020,1,-5,100
70314,STORE_B,Clothing,5/4/2019,,-5,-50
26352,Store_A,Home,11/8/2019,5,100,500
55650,store_a,Electronics,30/12/2020,3,20,-50
20346,Store C,Eletronics,12/26/2020,-2,-5,
35156,Store_A,Groceries,2/12/2019,2,,
65904,Store_B,Eletronics,2/1/2020,2,20,100
24035,Store C,Eletronics,23/01/2019,10,,500
26108,Store C,Electronics,19/09/2019,,10,500
12853,Store_B,Electronics,25/05/2019,-2,-5,200
94156,Store_B,Home,31/08/2020,-2,,200
14176,Store_B,Home,3/1/2019,3,,
35920,Store_A,Electronics,5/24/2019,1,10,-50
64850,Store_A,Electronics,13/09/2020,5,20,-50
16829,Store_A,Electronics,7/28/2019,1,,100
83927,STORE_B,Groceries,27/01/2020,-2,-5,500
94860,Store C,Eletronics,11/30/2020,3,20,
50667,Store_A,Home,4/24/2019,1,20,-50
75842,STORE_B,Home,6/24/2019,10,100,200
45843,Store C,Clothing,9/28/2019,2,-5,
60808,Store_A,Groceries,3/4/2019,10,-5,100
40543,Store_B,Electronics,4/10/2019,5,10,
82780,store_a,Electronics,6/3/2019,10,10,-50
16611,Store_A,Groceries,27/11/2020,3,50,100
98242,store_a,Home,8/13/2019,-2,-5,200
94612,Store_A,Electronics,6/10/2019,3,20,200
56902,Store_B,Clothing,25/11/2019,5,50,-50
43043,store_a,Home,1/16/2020,5,-5,100
15271,STORE_B,Eletronics,11/14/2019,2,10,200
82867,Store_B,Groceries,12/8/2020,1,10,100
87089,store_a,Home,3/31/2020,2,-5,
68745,store_a,Eletronics,15/07/2020,10,50,500
72077,Store_B,Clothing,12/10/2019,1,10,500
69119,Store_B,Groceries,29/11/2019,5,10,500
21573,Store_B,Electronics,2/18/2020,3,100,200
31409,Store C,Electronics,3/11/2020,10,,-50
95970,STORE_B,Eletronics,29/05/2020,2,-5,500
34464,Store_A,Home,27/07/2020,-2,100,-50
52840,store_a,Clothing,8/13/2019,,,500
58785,Store_A,Eletronics,22/03/2020,,-5,
30662,Store_B,Clothing,10/7/2019,5,100,500
28228,STORE_B,Clothing,7/10/2020,-2,100,-50
70721,STORE_B,Clothing,28/11/2019,1,-5,200
59223,Store C,Groceries,12/29/2020,,20,
17386,Store_B,Eletronics,9/12/2020,1,50,-50
16862,store_a,Groceries,1/9/2019,3,-5,100
50108,Store C,Home,7/26/2020,5,100,500
85023,Store_B,Home,5/3/2020,5,20,
90140,Store C,Electronics,4/10/2019,10,100,200
92963,Store_A,Electronics,25/07/2019,10,50,100
37201,Store_B,Electronics,5/5/2020,-2,20,500
78578,store_a,Home,22/07/2020,1,-5,
59966,store_a,Clothing,9/4/2020,,,-50
64774,Store_B,Clothing,22/02/2019,,50,500
20386,Store C,Eletronics,5/22/2020,2,10,
87228,STORE_B,Home,2/9/2020,1,-5,500
25225,Store_B,Electronics,17/07/2020,,-5,
26693,store_a,Home,10/2/2019,10,-5,-50
82197,Store_A,Clothing,10/25/2020,10,20,500
53021,store_a,Clothing,5/11/2019,10,10,
28261,STORE_B,Groceries,8/11/2020,1,20,100
37378,store_a,Groceries,20/11/2020,5,,200
96755,STORE_B,Eletronics,11/8/2020,-2,20,
21937,Store_B,Home,6/11/2020,2,-5,
76330,store_a,Groceries,18/11/2020,2,100,
57366,Store C,Groceries,6/7/2020,10,10,500
82322,Store C,Home,10/8/2019,3,10,200
50160,store_a,Clothing,10/10/2020,1,20,500
55313,store_a,Eletronics,2/24/2020,,100,
37032,Store_A,Eletronics,29/04/2020,,100,
27358,store_a,Eletronics,9/28/2020,-2,20,200
71710,Store_A,Groceries,21/12/2020,5,50,100
96157,Store_A,Clothing,18/03/2019,10,,500
58821,Store_A,Eletronics,12/14/2019,3,20,100
38365,Store_A,Home,3/4/2020,10,-5,
23189,Store_B,Eletronics,15/11/2020,3,100,
86749,Store C,Electronics,25/09/2020,2,,-50
17248,Store_A,Clothing,6/30/2020,3,20,-50
14369,Store C,Electronics,28/07/2019,2,,100
73763,Store_A,Clothing,2/6/2020,2,50,-50
18050,Store C,Home,6/12/2019,1,100,200
38605,store_a,Groceries,10/26/2020,-2,50,100
59616,store_a,Groceries,19/01/2019,3,50,-50
64479,Store C,Clothing,18/12/2020,5,100,-50
90934,Store_A,Eletronics,17/08/2019,5,-5,200
50883,Store_B,Electronics,9/28/2020,3,50,200
43055,Store C,Home,28/05/2019,-2,20,100
78731,STORE_B,Eletronics,12/9/2020,1,20,500
17450,Store_B,Groceries,3/28/2019,5,,200
12925,STORE_B,Eletronics,5/29/2020,10,20,-50
90051,Store C,Electronics,30/09/2019,5,20,100
60272,Store_A,Groceries,2/4/2020,1,,500
15310,STORE_B,Clothing,30/05/2020,2,10,100
41817,Store C,Home,10/5/2019,2,100,-50
54528,Store_B,Home,12/8/2020,2,20,500
65779,Store_A,Groceries,4/7/2019,1,,500
94816,STORE_B,Clothing,3/26/2020,2,50,200
92641,Store C,Electronics,27/09/2020,-2,50,
94083,Store_A,Home,12/7/2019,2,-5,-50
86310,Store_A,Groceries,15/11/2020,1,20,
25457,store_a,Home,2/25/2020,10,100,-50
52311,Store_A,Clothing,1/16/2020,5,,100
13980,Store C,Electronics,1/5/2019,1,-5,
30886,Store_B,Clothing,10/9/2020,1,-5,500
87112,store_a,Eletronics,24/10/2019,3,,200
60877,Store C,Clothing,11/12/2019,2,,-50
46181,Store C,Clothing,6/1/2020,,,200
43262,Store C,Home,6/14/2020,10,,-50
10947,STORE_B,Clothing,12/21/2019,,100,500
10022,STORE_B,Groceries,22/11/2019,3,,500
11128,Store_B,Home,10/23/2020,10,100,500
89522,Store C,Home,7/3/2020,2,100,500
42322,STORE_B,Eletronics,18/07/2020,,100,500
58929,STORE_B,Groceries,3/5/2020,2,50,200
91696,STORE_B,Clothing,5/7/2019,2,10,100
19808,Store_B,Eletronics,12/15/2019,5,-5,
62882,Store_B,Groceries,3/12/2019,10,20,200
31725,Store C,Eletronics,11/1/2019,10,50,
82534,store_a,Electronics,12/28/2020,3,10,100
49950,Store C,Clothing,9/1/2019,1,-5,-50
98954,STORE_B,Eletronics,1/9/2019,2,50,100
93576,STORE_B,Electronics,12/12/2020,2,-5,100
30557,Store_A,Clothing,25/04/2019,,100,-50
31825,Store C,Eletronics,7/1/2020,3,100,
18998,STORE_B,Eletronics,27/04/2020,10,,500
46080,STORE_B,Eletronics,3/27/2019,5,100,-50
67797,store_a,Eletronics,9/28/2019,10,50,-50
25802,Store_A,Home,5/27/2020,5,-5,100
21167,Store C,Eletronics,9/11/2019,5,20,-50
52407,Store_B,Home,5/10/2019,10,-5,200
23338,Store C,Home,17/04/2019,,100,500
86289,Store C,Electronics,8/2/2019,2,-5,100
81520,store_a,Clothing,27/10/2019,5,10,
28895,Store C,Home,1/5/2019,,-5,
57910,store_a,Groceries,25/07/2019,3,50,
75898,store_a,Home,25/08/2020,3,10,
13454,STORE_B,Groceries,19/06/2019,5,,
96540,Store_B,Electronics,4/17/2020,2,,100
70797,store_a,Groceries,30/01/2020,5,-5,200
93137,Store_A,Electronics,12/4/2019,3,20,200
60637,Store_A,Electronics,11/15/2019,-2,50,
15349,Store_B,Electronics,14/11/2019,3,20,200
49963,store_a,Groceries,12/21/2020,10,10,500
85583,Store_B,Groceries,23/12/2020,-2,20,200
17750,STORE_B,Electronics,5/23/2019,2,10,-50
32463,Store_A,Electronics,10/18/2020,10,20,
84935,Store C,Clothing,17/03/2020,-2,,-50
68792,Store_A,Electronics,14/12/2019,,50,-50
23686,store_a,Eletronics,4/15/2020,-2,20,
73528,Store_B,Clothing,12/29/2019,,-5,100
32787,Store_A,Clothing,10/11/2020,,10,200
24776,Store C,Clothing,7/28/2019,-2,-5,500
67427,Store C,Eletronics,22/04/2020,-2,50,100
71086,Store_B,Clothing,24/12/2019,1,-5,500
73308,Store_B,Clothing,7/2/2020,-2,,
25797,Store_A,Groceries,9/2/2020,,,200
15302,store_a,Groceries,9/20/2019,5,100,100
73172,STORE_B,Electronics,4/1/2020,10,50,
48059,Store C,Electronics,11/8/2020,,20,100
10908,Store_B,Home,15/04/2020,2,,-50
70252,STORE_B,Eletronics,4/2/2019,-2,20,200
90659,STORE_B,Groceries,1/1/2019,,20,200
22877,STORE_B,Electronics,5/28/2019,5,10,
24239,store_a,Eletronics,25/05/2019,-2,-5,
96971,Store_B,Clothing,12/9/2019,5,20,
37313,Store C,Eletronics,26/02/2020,5,100,200
52103,Store_B,Groceries,5/27/2020,5,50,-50
58408,Store_A,Home,9/20/2020,5,50,200
93251,Store C,Groceries,29/08/2019,2,10,
98771,Store_B,Electronics,17/03/2020,1,100,500
20534,Store C,Electronics,15/07/2020,3,-5,-50
53060,Store_A,Eletronics,10/14/2020,1,100,200
27189,Store C,Groceries,2/2/2020,3,50,500
96067,STORE_B,Electronics,4/10/2020,10,100,-50
20967,store_a,Clothing,2/2/2019,-2,-5,200
91991,Store_A,Clothing,16/10/2019,5,,
75563,Store C,Home,17/07/2019,10,20,200
18660,Store_A,Eletronics,27/07/2020,10,20,-50
49823,STORE_B,Electronics,30/11/2020,-2,50,
65842,store_a,Home,4/3/2019,3,50,100
19616,Store_A,Clothing,18/06/2019,2,-5,500
85976,STORE_B,Home,12/10/2020,5,100,
58738,STORE_B,Home,11/5/2020,,-5,
23107,STORE_B,Electronics,5/10/2019,-2,10,-50
71404,Store C,Electronics,10/5/2020,-2,50,-50
25954,Store_B,Electronics,10/8/2019,10,50,500
26943,Store_A,Eletronics,4/7/2019,1,50,-50
50725,Store_B,Home,3/7/2020,5,-5,
55434,STORE_B,Home,22/01/2020,2,-5,500
95751,Store_B,Eletronics,11/20/2019,5,100,500
20110,STORE_B,Clothing,1/3/2019,,,200
97091,STORE_B,Groceries,16/10/2020,,50,
26462,store_a,Clothing,5/10/2020,10,,
89232,store_a,Eletronics,21/12/2019,1,-5,-50
64081,Store_B,Home,7/6/2019,10,100,
62799,Store_A,Home,3/7/2019,2,-5,-50
76567,Store_B,Electronics,6/25/2020,3,10,
99301,Store_A,Electronics,15/06/2019,,20,200
61224,Store_B,Home,19/08/2020,1,20,
66063,Store C,Home,9/30/2020,,-5,200
65240,Store C,Electronics,3/11/2020,2,20,
91352,Store_A,Electronics,8/1/2019,2,20,
27868,store_a,Clothing,29/11/2020,,100,100
85973,Store_A,Home,28/03/2019,10,20,
90989,Store_B,Home,19/08/2019,,100,200
32222,STORE_B,Eletronics,2/3/2020,10,10,500
89794,Store C,Clothing,17/08/2019,,50,200
73924,STORE_B,Groceries,5/7/2019,10,50,
88513,Store C,Groceries,19/09/2019,3,50,-50
64649,Store_B,Groceries,3/7/2019,5,100,100
93749,Store C,Electronics,26/05/2020,5,100,-50
20223,Store_A,Groceries,2/25/2020,10,100,100
58166,STORE_B,Eletronics,11/15/2019,10,10,100
49369,STORE_B,Electronics,25/03/2020,-2,,-50
96379,Store_B,Electronics,7/7/2019,-2,100,
79392,STORE_B,Groceries,6/11/2019,3,100,200
69526,Store_B,Electronics,5/9/2019,5,50,-50
22661,store_a,Clothing,10/31/2019,3,-5,500
25591,Store_A,Clothing,17/01/2020,-2,20,100
81718,Store C,Groceries,5/7/2019,-2,20,200
65235,Store C,Eletronics,30/03/2020,2,10,500
17970,Store C,Electronics,10/7/2019,,20,200
57922,store_a,Home,25/11/2019,-2,,
40755,Store_A,Groceries,3/6/2020,5,50,500
29416,STORE_B,Electronics,5/31/2019,10,10,-50
23672,STORE_B,Groceries,8/15/2020,1,20,200
93468,Store_A,Groceries,2/16/2019,-2,20,-50
56996,Store_A,Eletronics,28/07/2019,2,-5,-50
84095,Store C,Home,10/21/2020,,50,200
10064,STORE_B,Electronics,8/19/2019,1,10,200
78835,Store_A,Groceries,28/09/2019,3,50,100
80385,STORE_B,Groceries,6/14/2019,,10,100
15639,Store_A,Electronics,12/24/2020,3,20,500
21055,Store_B,Groceries,30/03/2019,3,50,500
69220,Store C,Groceries,25/12/2019,10,50,500
97594,Store_A,Groceries,8/1/2020,3,,100
39427,store_a,Clothing,5/20/2019,-2,-5,-50
92516,Store_A,Clothing,2/4/2020,1,50,
74666,Store_B,Home,5/10/2019,2,10,
74274,store_a,Eletronics,11/9/2019,-2,,200
20866,store_a,Electronics,4/2/2019,10,50,100
13889,Store_A,Eletronics,3/21/2020,2,50,200
58226,Store_B,Eletronics,1/29/2019,3,,
41335,store_a,Clothing,9/5/2020,5,20,200
60547,Store C,Home,13/06/2020,,50,100
36162,Store C,Eletronics,9/3/2019,10,100,100
99449,STORE_B,Eletronics,23/09/2020,3,-5,100
34687,STORE_B,Groceries,22/11/2020,10,20,
20995,Store_B,Electronics,,5,50,100
66488,store_a,Home,10/16/2019,1,20,500
12631,Store C,Electronics,28/06/2020,-2,10,500
44954,Store C,Clothing,3/9/2019,1,20,100
15967,Store_B,Eletronics,4/10/2019,,,500
98294,store_a,Eletronics,2/26/2020,1,50,100
97278,Store_B,Electronics,10/4/2020,-2,20,
74471,Store_A,Clothing,11/24/2020,-2,100,500
47116,Store C,Groceries,12/6/2020,5,10,
44227,Store_B,Groceries,1/18/2019,2,10,500
11942,Store_B,Eletronics,4/15/2020,5,20,-50
57664,Store_A,Eletronics,12/23/2020,5,,-50
38069,STORE_B,Home,27/10/2019,3,10,
97342,Store C,Electronics,2/23/2020,1,20,500
24407,Store_B,Eletronics,1/15/2020,10,20,-50
69201,Store C,Clothing,5/22/2020,-2,10,100
90093,STORE_B,Electronics,4/24/2019,,20,200
64348,Store_B,Home,1/5/2019,2,20,-50
91981,Store_A,Groceries,5/25/2020,-2,-5,-50
27878,Store C,Home,30/04/2019,10,100,100
93100,Store_A,Electronics,2/9/2019,3,20,-50
88629,STORE_B,Groceries,9/5/2020,3,-5,-50
65420,STORE_B,Clothing,4/13/2020,2,-5,-50
53168,Store C,Groceries,4/3/2019,10,20,500
64862,STORE_B,Groceries,30/01/2020,2,,-50
99622,store_a,Clothing,5/7/2020,2,10,200
92025,Store C,Eletronics,1/2/2019,1,-5,500
38004,store_a,Eletronics,15/09/2019,10,-5,500
30471,STORE_B,Groceries,4/23/2020,1,,
70167,Store C,Groceries,26/05/2019,-2,50,-50
93828,store_a,Home,6/16/2019,1,,200
75308,STORE_B,Eletronics,5/20/2019,-2,50,200
93969,Store_B,Clothing,4/4/2019,,50,
24568,Store_B,Groceries,18/04/2020,1,,200
19466,Store_A,Groceries,7/29/2020,5,100,500
67324,Store_B,Home,24/10/2019,3,,100
25467,store_a,Home,8/28/2020,3,-5,500
85955,Store_B,Home,12/11/2020,5,10,100
62948,Store C,Electronics,18/07/2020,-2,,200
26676,Store C,Clothing,29/02/2020,-2,100,-50
41514,Store C,Electronics,8/6/2020,2,,100
32650,Store_B,Groceries,26/03/2019,10,100,500
98290,Store_B,Home,8/15/2020,10,10,500
87701,Store_A,Home,11/16/2020,10,20,500
20683,STORE_B,Home,20/08/2019,1,100,500
69819,Store_A,Eletronics,13/09/2019,10,100,
90978,store_a,Clothing,11/12/2019,10,-5,200
14860,Store C,Electronics,5/8/2020,-2,100,-50
13729,Store_B,Clothing,3/21/2020,10,10,
41351,STORE_B,Home,8/25/2019,3,50,200
72744,STORE_B,Groceries,26/07/2020,5,100,100
34346,Store_B,Eletronics,3/12/2019,,10,
84155,Store_A,Clothing,31/05/2019,-2,-5,
86700,STORE_B,Groceries,4/2/2019,2,-5,
16955,Store_A,Home,25/07/2019,5,20,
75642,Store_B,Home,12/25/2019,10,100,100
80290,Store_A,Home,10/7/2020,2,50,500
54293,Store C,Home,11/20/2020,2,10,
71336,Store_B,Eletronics,4/6/2020,5,20,200
31662,Store_B,Eletronics,4/11/2019,5,50,500
16408,STORE_B,Clothing,11/22/2020,5,20,100
50403,STORE_B,Home,10/9/2019,-2,50,-50
11225,STORE_B,Eletronics,7/2/2019,-2,,100
22196,Store C,Groceries,9/25/2019,,,-50
79786,Store C,Eletronics,1/6/2019,5,,200
25372,store_a,Eletronics,16/10/2020,,20,-50
27279,Store_B,Clothing,2/12/2020,1,,
64240,STORE_B,Eletronics,26/11/2019,3,10,500
48187,Store_B,Groceries,4/12/2020,,10,500
58481,Store_A,Home,9/16/2019,3,,
38475,Store C,Electronics,5/23/2020,10,50,500
54552,store_a,Clothing,11/5/2019,1,50,100
77969,Store_A,Groceries,19/07/2020,2,20,
86534,Store_B,Clothing,9/16/2020,5,50,
16858,Store C,Home,4/20/2019,10,100,500
84486,STORE_B,Eletronics,11/9/2020,2,50,-50
84474,Store_A,Eletronics,6/7/2020,-2,10,200
35168,Store C,Groceries,11/1/2019,3,-5,-50
42099,Store_B,Home,25/06/2019,2,50,100
81180,Store_B,Electronics,9/25/2019,5,20,
71455,Store_A,Electronics,21/11/2019,5,50,
64240,Store_A,Eletronics,28/07/2019,,20,100
84796,Store_A,Home,21/03/2019,,100,200
64592,store_a,Home,14/04/2020,-2,,
57458,STORE_B,Groceries,4/14/2019,3,100,-50
68046,Store C,Electronics,12/6/2020,5,10,100
26488,Store_B,Groceries,21/01/2020,1,-5,
68841,Store_B,Clothing,7/20/2019,10,100,-50
10395,STORE_B,Home,17/06/2019,3,100,100
62669,Store_A,Electronics,12/1/2019,3,10,100
20845,Store_A,Groceries,13/07/2019,2,10,100
46059,Store_B,Eletronics,8/19/2020,3,,200
28394,STORE_B,Clothing,24/11/2019,-2,,100
55906,Store_B,Groceries,14/02/2020,10,50,500
69332,Store_A,Eletronics,11/18/2020,1,20,500
47305,Store C,Electronics,8/7/2019,2,10,100
52628,Store_A,Electronics,26/02/2019,10,100,
31352,Store C,Clothing,2/3/2020,,100,500
96682,store_a,Eletronics,8/19/2020,3,,-50
92971,STORE_B,Home,4/27/2019,-2,20,-50
61993,store_a,Electronics,12/28/2019,5,10,
49386,Store_A,Home,7/23/2019,,,-50
66624,STORE_B,Home,14/03/2020,5,20,
67065,Store_A,Groceries,3/19/2020,10,10,-50
95504,STORE_B,Groceries,12/27/2020,1,100,100
18539,STORE_B,Electronics,10/5/2019,5,100,-50
11263,Store_A,Home,12/8/2020,-2,,100
23305,Store_A,Groceries,17/05/2019,10,20,-50
63817,STORE_B,Eletronics,5/2/2019,2,100,-50
34398,STORE_B,Eletronics,7/6/2020,3,20,-50
85801,Store_A,Eletronics,10/5/2020,1,,100
59107,Store_A,Eletronics,12/28/2019,-2,50,-50
42152,Store_B,Home,1/30/2020,-2,20,-50
40624,Store_B,Eletronics,9/5/2019,1,-5,200
66132,Store_B,Home,2/7/2019,2,20,100
62979,store_a,Electronics,19/11/2020,1,,500
68013,STORE_B,Electronics,30/01/2019,10,-5,
73797,Store C,Eletronics,10/17/2020,1,50,200
61798,store_a,Eletronics,12/22/2019,1,100,-50
26650,STORE_B,Eletronics,24/11/2020,1,10,500
36014,Store C,Electronics,8/29/2019,10,,500
86421,Store_B,Groceries,25/09/2020,,10,-50
17434,Store C,Electronics,8/17/2019,3,50,-50
40028,Store_A,Eletronics,9/12/2020,5,-5,200
76558,Store_A,Groceries,19/07/2019,,50,100
34331,STORE_B,Groceries,4/5/2019,1,20,200
77573,store_a,Clothing,6/12/2020,2,10,100
84292,Store_B,Home,9/24/2019,-2,10,500
56326,STORE_B,Eletronics,26/02/2020,2,50,
92979,Store_B,Home,8/8/2019,10,-5,-50
14123,Store_A,Clothing,10/1/2020,3,10,200
26603,store_a,Home,7/14/2020,1,100,500
75941,store_a,Eletronics,9/11/2019,10,50,200
52597,Store_A,Clothing,11/9/2020,5,20,100
73238,Store C,Home,26/11/2019,3,20,-50
94238,store_a,Electronics,1/17/2020,3,20,100
52719,Store C,Groceries,2/8/2019,10,10,100
51751,Store_B,Clothing,6/2/2020,,50,100
96978,store_a,Electronics,3/4/2020,-2,20,500
27693,Store_A,Eletronics,23/12/2019,2,50,-50
99541,Store C,Groceries,12/4/2020,,10,
47697,Store_B,Clothing,1/3/2019,3,100,200
39992,Store_B,Groceries,2/1/2019,2,100,100
73825,store_a,Clothing,2/8/2019,3,100,-50
19522,store_a,Clothing,6/14/2020,-2,10,200
55406,STORE_B,Home,4/16/2019,3,20,-50
22121,STORE_B,Groceries,4/26/2020,3,10,200
24219,store_a,Groceries,7/25/2019,5,50,-50
11617,STORE_B,Electronics,23/06/2020,2,100,
53016,Store_A,Eletronics,14/04/2019,5,50,-50
60672,Store_A,Electronics,3/30/2019,2,10,-50
34276,STORE_B,Home,31/08/2020,-2,,100
82240,store_a,Clothing,31/10/2019,-2,,100
65735,Store_A,Home,8/12/2019,5,10,100
27959,Store_B,Home,14/06/2019,5,20,-50
38522,store_a,Electronics,8/4/2020,5,-5,
66087,Store C,Clothing,5/23/2019,-2,50,200
19953,Store C,Eletronics,7/26/2019,-2,10,100
36567,store_a,Home,5/23/2020,10,10,500
70523,STORE_B,Eletronics,8/5/2020,5,,-50
72708,Store_A,Clothing,1/5/2019,,100,
32560,Store_A,Clothing,7/30/2019,,100,
68390,store_a,Electronics,1/29/2019,3,-5,100
78149,Store_B,Groceries,27/04/2020,1,20,100
46660,STORE_B,Electronics,7/7/2019,5,20,500
55104,Store_B,Eletronics,18/03/2020,1,-5,500
67805,store_a,Electronics,6/8/2020,1,20,100
34496,store_a,Clothing,3/8/2019,3,,200
93301,Store_B,Home,20/10/2020,1,10,100
13515,Store C,Groceries,6/6/2019,-2,20,100
14454,store_a,Clothing,3/21/2019,1,,
32873,STORE_B,Home,19/07/2020,-2,50,100
83920,Store_B,Eletronics,10/21/2020,-2,10,100
23727,Store C,Eletronics,9/17/2020,,-5,100
79070,Store_B,Eletronics,8/20/2019,-2,50,200
59979,Store C,Electronics,6/9/2019,1,100,
35465,Store C,Eletronics,12/10/2019,2,100,-50
63900,STORE_B,Eletronics,4/8/2020,5,10,-50
69799,store_a,Electronics,7/24/2019,5,20,-50
31330,Store C,Home,21/09/2019,1,10,-50
18302,store_a,Clothing,17/04/2019,3,20,
88443,STORE_B,Groceries,11/1/2019,2,-5,100
99966,store_a,Eletronics,14/10/2020,3,100,-50
82717,Store_A,Eletronics,10/31/2020,3,10,100
22875,Store C,Eletronics,2/4/2020,1,10,-50
37219,STORE_B,Electronics,4/16/2019,10,-5,200
46182,Store_B,Electronics,10/1/2020,1,20,100
90541,STORE_B,Electronics,12/8/2019,,100,
52269,Store C,Groceries,12/9/2019,10,100,200
89781,STORE_B,Clothing,9/8/2019,-2,20,200
16457,Store_B,Eletronics,14/12/2020,2,-5,
16749,Store_A,Home,2/18/2019,10,20,200
43064,Store C,Eletronics,7/25/2019,1,-5,100
19821,Store C,Eletronics,25/05/2020,1,20,500
88655,STORE_B,Eletronics,29/12/2020,3,100,500
17664,store_a,Eletronics,1/3/2019,1,100,-50
39281,store_a,Clothing,6/9/2020,-2,10,-50
41821,Store_B,Home,8/19/2019,,-5,100
34647,Store_A,Electronics,22/12/2020,1,100,
79918,Store_A,Home,1/6/2019,5,-5,100
91985,STORE_B,Eletronics,12/26/2020,5,-5,-50
92799,STORE_B,Home,10/11/2019,3,50,200
84944,store_a,Eletronics,10/3/2019,10,50,100
99142,Store_A,Home,3/8/2020,10,20,100
37603,Store_A,Groceries,22/04/2020,5,-5,
56458,Store_A,Home,9/24/2020,,20,-50
80605,Store_B,Electronics,8/4/2019,2,20,100
29623,Store_B,Electronics,4/7/2019,-2,10,200
54440,STORE_B,Home,12/8/2019,-2,50,200
92427,store_a,Home,16/02/2020,-2,50,500
17704,Store C,Clothing,12/31/2019,,100,-50
37460,store_a,Home,26/11/2020,5,50,200
93045,Store_B,Electronics,4/10/2019,-2,100,
92805,Store_B,Groceries,9/9/2020,,-5,-50
83511,STORE_B,Electronics,2/1/2020,2,10,200
16565,Store C,Clothing,4/2/2020,10,20,100
98003,Store_A,Home,11/14/2019,5,20,-50
14870,Store C,Groceries,1/17/2020,1,-5,200
28909,Store C,Electronics,5/22/2019,-2,100,100
19117,Store C,Groceries,4/1/2020,2,,500
77474,STORE_B,Eletronics,5/15/2020,2,-5,-50
54322,Store_B,Electronics,11/19/2019,2,100,-50
30128,Store_A,Eletronics,26/09/2019,10,-5,200
79001,Store C,Groceries,9/25/2019,,10,500
10440,Store_A,Home,5/1/2020,3,-5,
70955,Store C,Home,27/05/2019,-2,-5,200
59613,Store_B,Home,11/9/2020,1,50,200
80949,Store_A,Eletronics,28/03/2020,-2,100,
21663,store_a,Home,1/14/2019,5,10,
29547,Store_B,Clothing,30/09/2019,,20,
91662,Store_A,Electronics,12/5/2020,2,,
10005,Store C,Electronics,6/4/2019,-2,,
17038,Store C,Groceries,4/11/2019,10,100,100
16414,Store_B,Eletronics,7/25/2020,2,-5,100
97659,Store_B,Electronics,2/12/2019,,50,
79506,Store C,Eletronics,30/04/2020,5,-5,500
86586,Store_A,Groceries,26/08/2020,1,100,500
12606,store_a,Home,9/12/2020,2,,
26482,STORE_B,Groceries,11/10/2019,-2,,100
81873,Store_B,Clothing,4/9/2020,-2,-5,500
43948,Store C,Home,31/03/2020,10,-5,100
99987,Store_A,Home,12/17/2019,10,-5,200
30875,Store_B,Home,8/22/2019,3,20,100
23057,Store_A,Groceries,2/7/2020,10,50,
42400,Store_B,Clothing,12/17/2019,3,50,-50
81458,Store C,Eletronics,4/4/2020,1,,
78607,Store_A,Groceries,16/03/2020,5,,200
97561,Store C,Electronics,1/28/2019,3,100,100
37503,Store_A,Electronics,9/16/2019,2,100,500
33765,Store_B,Groceries,9/11/2020,,20,
56612,STORE_B,Eletronics,25/05/2019,-2,,500
94335,STORE_B,Electronics,18/05/2020,2,100,100
91748,store_a,Eletronics,6/26/2020,-2,20,200
19428,store_a,Home,3/28/2020,5,50,
41419,Store C,Groceries,11/27/2020,10,,500
75195,Store_A,Home,2/8/2020,,10,
83695,store_a,Electronics,15/10/2019,2,,
99846,Store_B,Eletronics,25/12/2019,,100,500
49142,STORE_B,Home,28/11/2020,3,,200
81540,Store_A,Electronics,1/6/2019,5,10,
48289,STORE_B,Clothing,7/28/2020,2,,200
86948,Store_A,Home,28/12/2020,10,100,200
68951,store_a,Clothing,4/6/2020,,50,100
21755,store_a,Clothing,29/01/2020,10,100,500
94553,Store C,Electronics,2/27/2020,,20,100
13890,Store_A,Groceries,10/10/2020,2,100,-50
27175,Store_B,Eletronics,7/3/2020,5,20,100
84727,store_a,Electronics,28/02/2020,1,,
75687,Store C,Home,7/2/2020,2,20,
94983,store_a,Eletronics,4/12/2020,10,-5,
98287,STORE_B,Groceries,4/21/2019,1,,-50
34288,store_a,Electronics,6/2/2019,5,20,200
56629,Store_A,Groceries,5/7/2019,10,100,
57800,Store C,Home,31/01/2019,5,10,100
47367,Store_A,Electronics,18/06/2020,,,200
87810,Store_B,Home,12/20/2020,2,20,100
87754,Store_B,Eletronics,29/05/2019,5,10,100
99328,store_a,Eletronics,11/12/2020,10,20,
78513,Store C,Groceries,7/2/2019,2,20,100
92762,Store C,Groceries,10/6/2019,-2,20,-50
39022,Store C,Eletronics,12/29/2019,10,100,200
79329,Store C,Clothing,1/12/2020,10,20,
69414,store_a,Eletronics,12/4/2020,-2,10,
11659,Store_A,Electronics,8/23/2020,-2,-5,100
67941,store_a,Home,3/3/2020,1,20,100
47930,Store_A,Eletronics,10/21/2019,3,-5,500
53473,STORE_B,Eletronics,20/05/2019,5,50,500
65598,STORE_B,Home,12/12/2020,5,,
26040,Store_A,Home,13/05/2020,1,100,
79806,store_a,Electronics,2/9/2020,,50,100
23286,Store_B,Home,3/14/2019,5,50,-50
79139,store_a,Groceries,9/16/2019,-2,10,-50
65916,Store_B,Eletronics,12/10/2020,1,10,100
27600,store_a,Home,16/03/2020,5,-5,500
12291,Store C,Electronics,1/6/2020,5,-5,500
23123,Store C,Home,2/2/2020,10,100,-50
13811,STORE_B,Eletronics,12/22/2019,1,100,
88883,STORE_B,Clothing,7/7/2020,-2,,100
41276,Store_A,Home,7/24/2020,,20,
64145,Store_B,Groceries,7/26/2020,5,100,500
56619,Store C,Eletronics,27/03/2019,,100,-50
91049,store_a,Electronics,29/12/2019,3,-5,
80678,Store_A,Eletronics,3/22/2020,1,20,500
98782,store_a,Clothing,21/02/2019,1,,500
36714,Store C,Electronics,3/7/2020,1,10,500
65685,Store C,Clothing,27/06/2019,-2,,
22194,Store C,Clothing,1/8/2019,-2,20,200
83062,Store C,Groceries,14/06/2019,10,10,-50
74037,store_a,Home,18/07/2019,1,10,500
29362,Store_A,Groceries,9/28/2020,10,10,
64499,Store C,Groceries,14/07/2019,-2,,100
56281,STORE_B,Groceries,6/14/2020,3,-5,-50
72813,Store_A,Electronics,4/29/2019,2,20,100
54852,STORE_B,Home,3/7/2019,10,,100
57836,store_a,Home,9/2/2019,5,,
14595,Store C,Electronics,2/26/2019,1,50,200
25402,Store_A,Groceries,3/12/2019,2,100,
75283,Store C,Groceries,6/7/2020,10,,
98131,Store C,Clothing,2/28/2020,,50,-50
52723,Store_A,Clothing,1/30/2020,-2,-5,
61322,Store C,Eletronics,3/25/2020,,-5,-50
56764,Store C,Clothing,3/7/2020,5,20,500
34911,Store_B,Home,11/8/2019,2,50,-50
29405,Store_B,Electronics,15/10/2020,3,,
68122,Store_A,Groceries,1/2/2019,10,20,500
99756,Store_A,Eletronics,3/11/2020,,50,500
13447,Store C,Clothing,3/18/2020,,,200
63143,STORE_B,Eletronics,24/08/2019,10,20,
72906,Store_A,Electronics,10/6/2019,,20,100
20662,Store C,Electronics,6/17/2020,3,100,
73001,STORE_B,Eletronics,6/6/2019,,-5,100
68282,Store_B,Eletronics,3/30/2019,10,,200
14899,Store_A,Eletronics,7/21/2019,1,100,
38582,Store C,Groceries,6/9/2019,,20,200
77471,Store_B,Home,4/6/2020,10,20,100
52213,store_a,Clothing,12/9/2020,1,50,-50
85871,Store_B,Clothing,3/29/2020,,100,
93205,Store C,Clothing,1/15/2020,,10,500
84081,STORE_B,Eletronics,2/5/2020,10,,500
93805,store_a,Eletronics,7/1/2020,5,-5,200
47830,store_a,Eletronics,7/4/2020,5,100,-50
17066,store_a,Groceries,24/07/2019,2,20,500
20712,Store_A,Groceries,9/10/2019,5,50,500
91527,Store C,Groceries,9/11/2020,3,,
75365,store_a,Groceries,4/9/2019,2,-5,500
97185,Store_B,Electronics,10/22/2020,5,,100
40806,STORE_B,Groceries,27/09/2020,1,50,200
22210,Store C,Groceries,21/06/2019,-2,20,500
46972,Store_B,Groceries,3/20/2020,10,-5,
44136,Store_A,Clothing,2/21/2019,5,10,100
54297,store_a,Clothing,27/06/2020,1,50,500
25945,Store_B,Clothing,11/25/2019,-2,10,200
52477,Store C,Home,4/10/2020,2,100,200
89180,Store_B,Electronics,8/2/2019,10,,200
80453,Store_A,Eletronics,5/12/2020,5,-5,500
95404,STORE_B,Groceries,5/5/2019,2,20,100
87413,store_a,Clothing,7/23/2019,5,10,-50
23224,Store C,Electronics,6/2/2019,2,20,200
13052,store_a,Groceries,10/4/2020,5,100,100
37272,store_a,Home,10/11/2019,-2,10,
51150,store_a,Eletronics,8/12/2020,1,20,
27316,Store_B,Groceries,12/28/2019,3,20,100
63389,Store_B,Eletronics,12/27/2019,-2,100,
73332,STORE_B,Groceries,13/02/2020,1,50,
17240,Store_A,Home,2/24/2019,10,-5,200
78774,Store C,Electronics,10/19/2019,5,100,500
53175,Store_B,Eletronics,10/12/2019,3,10,500
10565,store_a,Eletronics,21/04/2019,-2,10,500
97298,Store_A,Electronics,23/02/2019,3,,500
81094,Store C,Eletronics,9/11/2019,10,20,100
26375,Store C,Clothing,5/6/2020,10,-5,200
35710,Store C,Electronics,11/9/2019,3,10,100
59895,Store C,Home,7/26/2020,10,50,
86639,STORE_B,Groceries,8/5/2019,10,50,200
25174,Store C,Groceries,19/09/2019,5,100,-50
97329,Store_A,Electronics,18/08/2019,1,10,500
37597,Store_B,Clothing,8/13/2019,,-5,
84289,Store_A,Home,4/13/2019,2,-5,500
48397,store_a,Groceries,27/08/2019,3,10,500
81854,STORE_B,Groceries,7/12/2019,2,,500
43069,STORE_B,Clothing,6/1/2019,3,,-50
95687,store_a,Eletronics,26/09/2020,3,,
50274,Store_A,Electronics,8/21/2019,1,10,500
84237,Store_A,Clothing,8/16/2019,-2,100,500
82498,store_a,Clothing,3/10/2019,-2,-5,200
48197,Store C,Clothing,6/5/2020,3,100,500
58634,Store C,Clothing,1/13/2019,3,100,200
40041,Store_B,Eletronics,3/20/2020,1,100,
17248,Store_A,Home,12/6/2019,10,50,
95365,Store_A,Clothing,8/9/2020,-2,10,
12203,store_a,Clothing,8/20/2020,,20,200
61986,store_a,Electronics,6/6/2019,2,10,-50
35370,Store C,Groceries,10/17/2020,3,100,-50
45247,Store_A,Eletronics,29/09/2019,1,50,500
85922,Store_A,Clothing,24/12/2020,3,50,
10434,STORE_B,Home,30/11/2020,-2,10,100
72982,Store_B,Home,26/03/2020,1,20,500
75180,Store_B,Home,22/04/2020,2,100,-50
44474,Store C,Electronics,8/3/2019,5,50,-50
34644,Store_A,Home,5/5/2020,-2,100,
48493,STORE_B,Electronics,14/04/2019,10,100,200
93824,Store_A,Eletronics,9/8/2019,5,-5,500
13959,store_a,Home,12/23/2019,1,100,200
57289,Store C,Groceries,12/17/2020,3,,-50
21143,Store_B,Clothing,12/28/2019,10,-5,
49593,Store_A,Eletronics,31/05/2020,-2,100,-50
49115,Store C,Groceries,11/5/2020,2,100,
32540,Store_B,Eletronics,1/8/2019,-2,20,100
45481,Store_A,Home,4/16/2020,,-5,200
87097,STORE_B,Eletronics,6/21/2019,10,-5,500
32578,Store C,Eletronics,4/6/2019,3,20,
22787,Store_A,Eletronics,11/4/2020,5,,100
82048,Store_B,Electronics,8/30/2020,1,-5,100
62879,Store_B,Groceries,21/08/2020,5,,200
20596,STORE_B,Home,4/7/2020,-2,100,
70669,Store C,Clothing,4/18/2020,10,50,500
29930,Store C,Home,15/08/2020,,50,500
57950,Store_A,Home,9/5/2020,3,10,500
28687,Store_B,Electronics,11/19/2020,1,50,-50
62833,Store_B,Electronics,16/06/2019,3,50,-50
45989,STORE_B,Eletronics,12/9/2020,3,20,
40183,STORE_B,Home,4/20/2019,,10,500
30758,Store C,Groceries,12/10/2020,10,10,100
11082,Store_B,Electronics,26/02/2020,5,20,500
55891,Store_A,Electronics,22/08/2019,3,50,
55810,store_a,Groceries,20/05/2019,-2,50,500
56901,Store_A,Electronics,5/3/2020,-2,10,200
93512,STORE_B,Groceries,10/10/2020,3,50,500
81062,Store_A,Clothing,1/4/2020,3,10,100
31563,Store_B,Groceries,12/15/2019,1,50,
82008,Store C,Clothing,4/7/2020,3,100,
12775,store_a,Eletronics,3/6/2019,-2,20,100
25828,Store C,Eletronics,19/03/2020,3,-5,
27974,store_a,Electronics,9/3/2019,10,,500
32388,store_a,Groceries,7/2/2020,-2,100,
90591,Store_B,Electronics,8/3/2019,3,50,500
28615,Store_B,Groceries,21/07/2020,,,
47886,STORE_B,Electronics,19/05/2019,,-5,500
32838,STORE_B,Eletronics,26/12/2019,-2,100,500
50728,store_a,Eletronics,9/12/2019,3,-5,100
88000,STORE_B,Electronics,26/03/2019,,20,100
62798,Store_B,Groceries,5/29/2020,10,,-50
82776,STORE_B,Home,8/14/2019,1,-5,100
80478,store_a,Groceries,7/31/2020,,,500
29622,Store C,Electronics,5/20/2020,-2,20,500
23536,Store_A,Groceries,6/4/2019,,-5,
77136,STORE_B,Clothing,4/21/2019,5,100,
15700,Store_B,Groceries,4/27/2020,10,,-50
48839,Store C,Eletronics,18/03/2019,,-5,500
20248,Store_B,Eletronics,10/1/2019,1,20,-50
55291,STORE_B,Clothing,6/4/2019,5,-5,500
92629,store_a,Groceries,4/4/2020,-2,-5,100
94891,Store_A,Home,8/11/2019,-2,100,
27177,Store_A,Groceries,12/11/2019,3,50,-50
29483,Store C,Eletronics,4/1/2019,10,10,200
53815,Store_A,Eletronics,7/22/2020,,50,500
48533,store_a,Electronics,10/21/2019,3,50,100
10026,Store_B,Eletronics,10/6/2020,10,10,200
70611,store_a,Electronics,12/4/2019,-2,-5,100
97242,Store C,Eletronics,3/27/2020,5,50,100
34660,Store C,Eletronics,12/10/2019,,50,500
65103,Store_A,Home,12/17/2020,-2,20,100
62253,store_a,Electronics,9/22/2020,1,20,-50
52082,Store_B,Electronics,3/2/2019,10,100,200
26258,store_a,Eletronics,3/26/2019,-2,,100
99690,Store_B,Electronics,6/1/2019,-2,-5,100
25389,Store_B,Eletronics,10/21/2020,1,100,
37685,store_a,Eletronics,12/11/2020,3,20,
69220,STORE_B,Groceries,8/15/2019,-2,20,-50
37195,store_a,Electronics,1/8/2020,3,10,
31797,Store_B,Clothing,30/07/2020,5,10,100
81310,Store C,Electronics,4/19/2019,5,20,100
76332,Store C,Electronics,5/15/2019,2,50,200
72907,Store_A,Home,26/07/2019,2,100,
17188,Store C,Clothing,10/18/2019,5,20,500
33696,STORE_B,Clothing,1/4/2019,,-5,
12024,Store_B,Home,18/11/2019,3,20,100
83202,store_a,Home,1/29/2020,1,10,200
45985,store_a,Electronics,1/27/2019,-2,100,
16584,STORE_B,Groceries,1/13/2019,-2,100,200
37044,Store C,Home,7/7/2020,5,,
15285,Store_B,Clothing,21/07/2019,,20,-50
73115,Store C,Clothing,3/20/2020,1,,100
17370,Store_A,Electronics,8/12/2019,2,10,100
27903,Store C,Groceries,1/21/2019,1,,500
42499,Store_A,Eletronics,10/11/2020,5,50,100
32995,store_a,Home,10/9/2020,3,20,500
45200,Store_B,Home,4/11/2020,5,20,100
98377,Store_A,Electronics,1/6/2020,-2,100,
80402,Store C,Groceries,10/14/2020,-2,,
23566,Store C,Clothing,9/9/2020,10,100,-50
47822,store_a,Clothing,18/02/2019,,-5,
61222,STORE_B,Eletronics,4/2/2020,,,200
60668,STORE_B,Clothing,10/1/2020,,,
73853,Store C,Home,20/05/2020,10,10,500
64643,STORE_B,Eletronics,10/24/2020,10,,-50
32333,Store_B,Groceries,18/08/2019,3,100,200
25958,STORE_B,Eletronics,6/29/2019,,-5,200
62442,Store_B,Groceries,6/21/2020,5,,100
30954,Store C,Clothing,6/10/2020,10,,500
85174,Store C,Electronics,1/22/2019,5,20,
19675,Store C,Eletronics,29/09/2020,2,20,
99590,store_a,Eletronics,7/30/2020,,-5,100
41661,STORE_B,Home,1/2/2019,10,20,
74289,Store_A,Home,10/7/2019,10,50,200
27184,Store_A,Groceries,10/11/2019,3,20,
57963,Store C,Electronics,14/01/2019,5,50,
35822,STORE_B,Home,1/12/2020,3,-5,200
72303,Store_B,Home,9/12/2020,3,50,500
86465,Store_A,Clothing,18/07/2020,5,-5,500
15267,Store C,Clothing,12/5/2020,2,100,200
62647,Store_A,Home,13/08/2020,5,20,200
72814,Store_A,Groceries,11/2/2020,2,,-50
46025,Store_A,Electronics,5/2/2020,3,10,-50
87605,Store C,Home,9/28/2020,2,,
10981,Store C,Groceries,20/10/2019,,20,
53436,store_a,Groceries,6/1/2019,2,,-50
28472,store_a,Home,1/13/2019,2,20,
29336,store_a,Groceries,12/15/2020,10,20,500
35587,Store_A,Eletronics,7/1/2020,10,,500
87192,STORE_B,Groceries,24/06/2019,-2,50,100
94046,Store C,Home,6/4/2020,3,100,-50
63013,store_a,Groceries,9/6/2019,5,100,500
94511,STORE_B,Home,18/02/2020,2,100,100
19665,store_a,Clothing,1/22/2020,,100,200
37097,store_a,Home,3/14/2020,10,10,500
62474,STORE_B,Groceries,18/07/2020,5,-5,100
81973,store_a,Home,10/27/2019,,20,
35185,Store_A,Electronics,12/21/2020,2,10,100
85911,Store_A,Home,4/17/2020,5,100,500
40484,Store_A,Home,26/03/2020,-2,100,
55610,Store_B,Electronics,3/10/2019,,,
60807,store_a,Electronics,9/24/2020,1,100,100
60907,Store_B,Electronics,3/6/2020,,20,100
67389,Store C,Eletronics,2/25/2020,,100,500
35835,STORE_B,Home,13/08/2019,2,100,
63790,Store C,Electronics,30/08/2019,5,10,-50
86960,Store_B,Electronics,1/24/2019,2,20,100
19643,Store_A,Clothing,6/21/2020,2,50,-50
85846,store_a,Eletronics,15/02/2019,1,,-50
28951,store_a,Home,9/29/2020,-2,50,
25233,Store_A,Groceries,6/23/2020,,-5,500
23200,store_a,Eletronics,21/06/2019,5,10,-50
62275,STORE_B,Eletronics,25/02/2020,-2,100,500
97084,STORE_B,Clothing,22/01/2020,3,,100
86068,STORE_B,Home,2/25/2020,10,-5,
99001,Store C,Home,18/07/2020,-2,-5,200
31291,Store_A,Electronics,4/28/2020,2,20,
52448,STORE_B,Electronics,25/10/2019,2,,200
40580,Store_B,Eletronics,6/6/2019,2,-5,100
31346,STORE_B,Clothing,2/21/2019,2,10,500
20619,Store C,Home,8/31/2019,10,100,100
11766,Store_B,Clothing,12/2/2019,3,10,
13549,Store_A,Groceries,2/24/2020,1,-5,200
28693,Store_A,Home,2/29/2020,3,20,200
72019,STORE_B,Electronics,3/21/2019,10,50,
58328,Store_B,Eletronics,11/25/2020,5,100,
87701,Store_B,Clothing,12/20/2019,1,100,100
99100,STORE_B,Electronics,10/20/2019,1,10,-50
35301,STORE_B,Eletronics,12/17/2020,5,10,200
54763,store_a,Electronics,13/02/2020,,10,
30765,store_a,Home,6/12/2020,2,-5,100
54787,STORE_B,Clothing,4/24/2020,10,100,-50
17425,Store C,Groceries,3/8/2020,5,10,500
22857,store_a,Electronics,4/21/2020,3,,
62771,STORE_B,Clothing,1/25/2019,3,-5,-50
32444,Store_B,Home,3/6/2020,,-5,500
51457,store_a,Electronics,24/07/2020,5,,500
89741,Store C,Home,11/13/2019,10,,100
10704,Store_A,Groceries,9/29/2020,,-5,200
15452,Store_B,Groceries,12/24/2019,,100,
48862,Store C,Eletronics,22/07/2020,,10,-50
71471,Store C,Eletronics,11/20/2020,1,20,500
79217,Store C,Eletronics,12/10/2019,1,10,200
96058,Store_B,Home,24/12/2020,2,100,500
28300,Store C,Eletronics,7/12/2020,10,,
19566,Store_A,Clothing,12/12/2020,3,100,
17501,store_a,Home,7/16/2020,3,10,100
11845,Store_B,Home,3/14/2020,2,100,
49181,Store C,Eletronics,16/07/2020,3,20,
67263,STORE_B,Eletronics,24/12/2020,,100,
88766,store_a,Home,10/11/2019,2,50,200
73038,Store_B,Groceries,5/23/2019,2,100,-50
93290,STORE_B,Groceries,17/05/2019,5,10,-50
44404,STORE_B,Eletronics,12/19/2019,1,50,
32564,Store C,Groceries,13/10/2019,10,,-50
67435,Store_B,Clothing,4/12/2020,10,10,
28227,Store C,Clothing,26/05/2019,1,-5,-50
57475,Store_A,Clothing,17/11/2020,,20,-50
27215,STORE_B,Home,7/7/2019,10,100,500
81074,Store_A,Home,17/12/2019,3,100,200
31699,Store C,Home,23/02/2020,3,10,500
22454,store_a,Home,20/04/2019,10,100,500
58217,STORE_B,Home,27/05/2019,-2,100,-50
31711,store_a,Eletronics,2/21/2019,-2,,100
25059,Store_B,Groceries,8/10/2019,5,100,100
58398,STORE_B,Eletronics,24/03/2019,10,100,200
11286,Store_A,Groceries,9/26/2019,2,,
44297,store_a,Eletronics,4/6/2019,,-5,-50
36485,Store_B,Clothing,9/30/2019,2,100,200
69967,STORE_B,Electronics,7/9/2020,1,-5,500
64583,Store_B,Home,5/13/2019,,,-50
61630,Store_A,Electronics,16/07/2019,,20,500
37086,STORE_B,Electronics,3/30/2019,3,100,200
26484,Store_B,Clothing,11/15/2020,,10,100
78623,Store C,Electronics,3/4/2019,5,50,200
69263,STORE_B,Electronics,1/5/2019,10,20,-50
28675,STORE_B,Clothing,12/23/2019,2,100,-50
70664,STORE_B,Groceries,27/09/2020,3,10,
34680,STORE_B,Eletronics,7/23/2019,-2,50,100
27077,Store C,Electronics,4/15/2020,3,,-50
48174,Store_A,Home,4/8/2020,5,100,100
86968,Store C,Clothing,5/11/2020,5,-5,-50
13491,Store C,Electronics,12/2/2020,5,-5,100
56126,Store_B,Groceries,16/04/2019,5,,200
13392,store_a,Groceries,3/4/2019,-2,20,100
72257,store_a,Home,8/27/2019,2,-5,500
77804,Store_B,Electronics,6/23/2020,5,50,200
48400,Store C,Home,7/17/2019,3,-5,-50
46551,Store_B,Groceries,19/02/2019,3,50,-50
38088,STORE_B,Groceries,1/30/2019,-2,-5,
90015,Store_B,Eletronics,10/27/2020,,,500
35465,Store_B,Groceries,16/05/2020,10,,
58155,STORE_B,Clothing,22/12/2019,3,-5,200
97893,store_a,Eletronics,16/12/2019,3,20,
15969,STORE_B,Home,26/12/2020,-2,10,200
18981,Store_A,Groceries,23/08/2020,2,-5,
31032,Store_B,Clothing,4/2/2020,,100,100
64091,Store_B,Eletronics,8/22/2020,3,10,200
34408,store_a,Clothing,14/10/2019,1,-5,200
34241,Store C,Eletronics,16/08/2020,3,50,100
57940,STORE_B,Eletronics,9/11/2020,10,100,100
92938,Store C,Eletronics,5/12/2019,10,20,500
61105,Store_A,Home,3/18/2019,,10,100
71050,STORE_B,Eletronics,12/29/2020,,10,
13657,Store_A,Eletronics,6/4/2020,5,100,100
31230,Store_A,Clothing,24/03/2019,2,20,100
28680,Store_A,Eletronics,26/02/2020,10,-5,200
92694,STORE_B,Home,12/8/2020,1,20,200
94731,STORE_B,Clothing,9/25/2019,1,-5,100
52340,store_a,Eletronics,3/2/2019,5,10,500
45950,Store_B,Clothing,8/7/2020,2,-5,200
88515,Store C,Home,2/23/2020,2,10,
17867,Store C,Clothing,19/05/2019,,,
90691,Store_A,Home,29/03/2020,3,100,100
88542,STORE_B,Groceries,17/12/2019,1,20,100
14329,STORE_B,Eletronics,1/19/2020,1,50,500
98087,Store_A,Home,13/03/2019,-2,100,100
45865,Store_B,Eletronics,5/24/2020,1,-5,-50
76940,Store C,Home,3/5/2020,1,,-50
47869,store_a,Electronics,24/09/2020,-2,100,100
76905,Store_B,Electronics,7/31/2020,10,10,-50
93984,STORE_B,Electronics,28/07/2019,2,100,
99711,Store_A,Home,15/11/2019,3,-5,100
76252,Store C,Eletronics,8/11/2020,10,100,
89386,Store_A,Electronics,8/3/2019,2,100,
11711,STORE_B,Eletronics,1/7/2020,5,-5,-50
35801,Store_A,Home,16/07/2019,1,50,500
97287,Store C,Eletronics,25/11/2019,3,,
63270,Store_A,Eletronics,13/07/2020,2,100,-50
81622,Store C,Electronics,25/12/2020,5,100,500
65535,Store_A,Clothing,8/11/2019,1,50,-50
86759,Store_A,Groceries,23/09/2020,5,20,-50
26220,Store C,Home,5/20/2019,-2,100,100
23392,Store_A,Home,3/8/2019,5,-5,200
95587,Store_B,Home,11/10/2019,10,-5,500
12246,store_a,Groceries,23/10/2020,5,100,-50
30010,Store_B,Clothing,9/18/2019,10,20,
78358,store_a,Eletronics,31/08/2019,,-5,
27234,Store_B,Home,9/18/2020,10,100,200
59451,store_a,Eletronics,8/1/2020,-2,100,500
85205,Store_A,Electronics,18/10/2019,-2,100,100
31784,Store C,Electronics,10/5/2020,5,,500
39672,Store C,Electronics,9/30/2020,2,-5,
11082,STORE_B,Home,2/14/2020,5,10,
21148,store_a,Groceries,12/4/2019,5,,100
37494,STORE_B,Home,8/1/2020,2,20,100
85093,STORE_B,Electronics,4/23/2019,1,,
61952,store_a,Electronics,9/14/2020,3,,-50
46719,Store C,Home,31/03/2019,,50,-50
58737,store_a,Groceries,5/3/2020,1,20,100
69453,Store_A,Groceries,19/04/2019,5,20,-50
49536,STORE_B,Eletronics,7/8/2019,1,20,100
60604,STORE_B,Clothing,10/4/2019,3,,500
60833,store_a,Electronics,4/13/2019,-2,20,500
24039,STORE_B,Groceries,4/17/2019,1,-5,500
77839,Store C,Electronics,26/01/2019,3,50,100
57931,STORE_B,Clothing,6/22/2019,1,100,100
49925,store_a,Electronics,25/09/2019,10,,-50
61003,Store C,Groceries,15/09/2020,5,100,-50
93817,Store C,Eletronics,12/22/2020,3,100,-50
58897,STORE_B,Home,28/04/2020,,,200
97745,store_a,Home,10/4/2019,5,-5,100
52287,STORE_B,Groceries,8/13/2019,10,,500
43012,Store_A,Groceries,7/9/2020,-2,20,500
51783,Store_A,Clothing,5/14/2019,1,50,200
95727,Store C,Electronics,26/11/2019,5,,200
78315,STORE_B,Clothing,4/3/2019,1,100,500
93766,Store_A,Home,3/16/2019,1,,100
56491,Store_B,Electronics,25/01/2019,5,50,500
98941,Store_A,Clothing,7/2/2019,3,10,500
68584,STORE_B,Home,12/17/2020,3,-5,200
22803,STORE_B,Electronics,4/3/2020,5,100,200
59625,Store_A,Eletronics,9/18/2020,3,10,-50
23698,STORE_B,Eletronics,2/13/2020,2,10,200
44560,STORE_B,Clothing,7/26/2019,1,50,500
25376,Store_B,Groceries,21/06/2020,5,-5,-50
93654,Store C,Electronics,17/09/2020,,,500
23117,STORE_B,Clothing,11/3/2020,10,10,100
66381,store_a,Groceries,9/8/2020,-2,20,100
47956,Store C,Groceries,9/10/2019,5,,200
58786,Store C,Electronics,17/01/2019,5,-5,-50
97778,store_a,Electronics,9/30/2019,1,100,
76480,Store_A,Groceries,1/14/2020,10,,100
41695,Store_B,Home,9/17/2020,1,50,100
11511,STORE_B,Clothing,10/25/2020,,50,100
63233,Store_A,Electronics,15/11/2019,-2,100,100
32502,store_a,Groceries,11/10/2020,3,100,200
60010,Store_B,Home,6/27/2020,5,100,-50
83905,Store_B,Eletronics,2/1/2019,1,50,100
56489,Store_B,Groceries,4/1/2019,-2,-5,200
93533,store_a,Home,4/20/2020,,-5,-50
91165,Store_A,Eletronics,12/26/2020,,,-50
41949,STORE_B,Home,25/04/2020,-2,10,
78376,Store_B,Electronics,2/5/2020,2,10,500
89587,Store_B,Groceries,6/17/2020,5,20,100
77310,Store_A,Eletronics,11/28/2020,,50,200
88798,Store_B,Home,29/05/2019,-2,100,-50
79407,Store_B,Eletronics,3/26/2019,3,-5,
83809,store_a,Clothing,8/14/2020,1,,500
27229,Store C,Groceries,20/04/2019,1,-5,-50
37385,Store_A,Electronics,3/18/2019,2,50,-50
52176,Store_A,Eletronics,11/26/2019,3,20,100
13260,Store_A,Home,1/18/2020,,-5,500
13145,store_a,Eletronics,26/12/2020,-2,10,500
17802,store_a,Home,1/12/2020,2,,200
12263,STORE_B,Eletronics,12/7/2019,,10,
36913,store_a,Electronics,14/04/2020,,,200
67788,Store_A,Electronics,19/12/2020,5,100,
18155,STORE_B,Groceries,2/28/2020,10,,200
10922,Store C,Electronics,6/23/2019,-2,100,
82231,Store_B,Eletronics,2/10/2020,,50,100
30672,Store_B,Eletronics,3/23/2019,1,10,
48526,STORE_B,Electronics,1/21/2019,,,200
55344,Store C,Clothing,11/21/2020,2,,500
29014,Store_B,Eletronics,6/10/2019,-2,20,-50
83352,STORE_B,Groceries,2/2/2020,,10,
50324,store_a,Clothing,11/26/2019,-2,50,
48698,Store_A,Electronics,8/13/2019,1,100,500
87169,Store C,Home,25/11/2020,1,50,100
33384,Store_B,Eletronics,19/02/2019,2,20,200
13512,Store_A,Home,12/6/2019,1,50,100
16066,STORE_B,Groceries,3/13/2020,3,100,
41500,Store_B,Clothing,18/07/2020,3,10,
88743,Store_A,Home,26/07/2020,10,-5,100
95642,store_a,Groceries,8/11/2019,-2,20,200
89858,Store C,Home,5/23/2020,3,,
64800,STORE_B,Home,26/09/2020,2,,
73140,Store_B,Groceries,9/8/2020,,10,100
94954,store_a,Eletronics,1/12/2019,3,-5,-50
12387,Store C,Home,13/04/2020,10,50,500
66160,Store C,Groceries,21/06/2020,-2,,
69241,store_a,Home,29/06/2020,5,20,200
83567,Store_B,Eletronics,20/07/2020,5,-5,-50
11799,Store C,Groceries,16/08/2019,2,100,100
45548,STORE_B,Home,18/09/2020,10,50,100
43895,Store_A,Electronics,8/26/2020,3,-5,200
90171,STORE_B,Eletronics,31/10/2019,10,100,-50
50379,Store C,Home,6/1/2019,1,-5,200
55414,Store_A,Clothing,7/8/2019,10,-5,
83071,store_a,Groceries,17/08/2019,3,50,-50
78344,Store_A,Home,11/6/2020,2,20,500
88591,Store_A,Eletronics,9/29/2020,1,100,500
14297,Store_A,Eletronics,7/30/2019,10,20,200
96479,Store C,Clothing,25/01/2020,5,100,500
15008,Store_B,Clothing,12/5/2019,3,50,200
96813,Store C,Home,2/16/2019,2,20,
26820,Store_B,Electronics,30/03/2019,,50,
81548,store_a,Eletronics,1/9/2019,3,-5,200
32253,store_a,Electronics,16/12/2019,10,-5,
39202,store_a,Electronics,3/1/2020,-2,50,500
39236,store_a,Home,30/06/2020,2,100,
77156,store_a,Groceries,16/04/2019,5,-5,500
70263,STORE_B,Groceries,9/8/2019,1,100,500
84855,Store C,Groceries,8/20/2020,10,20,100
26575,Store_B,Clothing,6/19/2019,2,,
22204,store_a,Eletronics,14/03/2020,1,-5,
21952,STORE_B,Clothing,18/04/2019,-2,-5,200
93323,STORE_B,Eletronics,22/11/2019,2,10,200
61142,STORE_B,Eletronics,6/3/2019,,100,-50
43872,Store C,Eletronics,3/7/2020,10,50,500
39376,store_a,Home,23/02/2020,2,10,100
76084,STORE_B,Groceries,16/08/2019,5,20,500
21640,STORE_B,Clothing,10/2/2020,-2,10,
36437,store_a,Clothing,25/03/2019,2,10,-50
97681,Store C,Home,12/8/2019,10,,500
17903,STORE_B,Eletronics,2/17/2019,2,,-50
93704,Store_B,Groceries,12/30/2019,1,10,500
36863,Store_A,Electronics,21/11/2020,1,,
53381,Store_A,Electronics,2/5/2020,-2,,
38548,Store_A,Home,12/25/2020,,10,500
59956,Store C,Groceries,5/9/2020,3,100,100
84526,STORE_B,Electronics,5/18/2019,-2,,
21467,Store_A,Electronics,12/21/2019,,10,200
67954,Store_A,Clothing,29/12/2019,-2,100,100
33901,store_a,Groceries,21/03/2019,3,-5,500
65983,STORE_B,Electronics,12/12/2020,5,,100
33301,STORE_B,Clothing,2/28/2019,1,10,200
95180,store_a,Groceries,9/2/2019,3,,
79903,STORE_B,Eletronics,1/24/2020,2,100,
26204,Store_B,Groceries,5/10/2020,5,10,
29755,Store C,Home,25/04/2019,10,100,200
69817,store_a,Clothing,18/05/2019,3,-5,100
12093,Store_A,Eletronics,12/5/2019,-2,50,500
79537,STORE_B,Clothing,26/01/2019,,20,500
32940,Store_B,Clothing,8/18/2020,3,50,100
83346,Store_B,Electronics,3/11/2020,,,
54040,Store C,Groceries,1/12/2020,-2,100,500
47322,Store_B,Clothing,1/26/2020,-2,10,
94437,STORE_B,Clothing,4/25/2020,,100,-50
97725,STORE_B,Home,31/03/2019,1,,-50
19236,Store_B,Home,4/24/2019,5,10,500
82597,STORE_B,Home,12/2/2019,,50,100
94124,STORE_B,Clothing,6/21/2019,1,100,100
13902,Store_A,Eletronics,1/18/2019,1,20,100
44364,store_a,Groceries,8/23/2019,,-5,
30096,STORE_B,Clothing,25/08/2020,5,-5,-50
22020,STORE_B,Electronics,12/23/2020,2,,
68473,Store C,Eletronics,10/8/2019,-2,,200
54153,store_a,Eletronics,10/4/2019,3,100,200
51277,store_a,Groceries,3/5/2020,1,50,500
97221,store_a,Eletronics,12/2/2020,3,50,200
48502,Store_B,Groceries,20/11/2020,5,20,100
25675,Store_A,Eletronics,2/22/2020,2,20,500
34365,Store_A,Groceries,10/11/2019,10,100,-50
97812,Store C,Home,8/7/2020,-2,10,-50
88229,store_a,Home,12/9/2020,-2,50,200
99049,store_a,Eletronics,25/09/2020,2,10,200
62148,STORE_B,Eletronics,9/13/2020,5,10,-50
99157,Store_B,Groceries,8/9/2019,2,100,200
99247,Store_B,Groceries,1/9/2019,-2,20,200
78078,Store C,Clothing,10/1/2020,10,10,
92598,Store_A,Home,11/4/2019,1,100,-50
80902,store_a,Clothing,9/8/2020,2,20,-50
36465,Store C,Clothing,1/10/2020,,10,200
42286,Store_B,Electronics,6/17/2020,,10,100
64795,Store_B,Groceries,8/12/2020,5,20,
50178,Store_B,Electronics,27/01/2020,-2,-5,100
89183,store_a,Electronics,12/2/2020,-2,20,200
59986,store_a,Clothing,11/4/2019,2,,-50
53201,store_a,Electronics,15/02/2019,10,,100
53315,STORE_B,Groceries,5/11/2020,5,100,500
85396,Store_A,Clothing,28/07/2019,2,100,100
65178,Store_B,Groceries,3/22/2020,5,50,-50
20745,Store_B,Eletronics,11/10/2020,,,200
82354,STORE_B,Electronics,12/10/2019,10,20,100
89637,Store_B,Clothing,2/29/2020,1,,200
15028,Store_B,Home,9/16/2020,10,-5,
58566,store_a,Groceries,11/2/2019,1,100,500
53722,store_a,Electronics,5/28/2019,-2,-5,-50
96623,Store_A,Groceries,28/04/2019,3,100,-50
84974,Store_B,Groceries,1/1/2019,,-5,200
93692,Store C,Eletronics,3/29/2020,-2,100,500
94084,Store_B,Groceries,26/07/2019,,20,-50
49879,Store_B,Eletronics,2/2/2019,,-5,100
34767,Store_A,Eletronics,3/9/2020,10,10,-50
78099,Store C,Eletronics,30/04/2020,1,100,100
58657,Store_B,Electronics,17/04/2020,3,,-50
18498,Store C,Groceries,10/9/2019,3,10,100
83667,store_a,Groceries,1/26/2020,3,,
35107,store_a,Eletronics,12/23/2019,-2,100,200
38793,Store C,Groceries,7/26/2020,5,20,
12696,Store_B,Groceries,4/8/2020,10,10,100
63839,Store C,Eletronics,18/07/2019,10,10,200
99241,Store C,Home,4/9/2019,-2,100,500
33397,store_a,Home,5/28/2019,,-5,100
17704,Store C,Eletronics,7/23/2020,10,100,-50
26442,STORE_B,Electronics,12/27/2020,10,100,-50
73788,STORE_B,Groceries,31/08/2020,5,50,500
19765,store_a,Groceries,28/09/2019,10,20,
20002,Store_B,Home,19/04/2020,1,-5,100
21390,Store_B,Eletronics,10/30/2019,-2,20,-50
54436,store_a,Electronics,1/4/2019,3,100,200
94482,Store_B,Eletronics,16/02/2019,5,50,500
16641,Store_A,Home,4/17/2019,5,100,
43709,STORE_B,Home,3/16/2019,,100,
49309,Store_A,Groceries,29/11/2019,10,20,200
25624,Store_A,Clothing,9/30/2020,3,50,200
19966,Store_A,Electronics,11/25/2020,-2,20,500
99350,store_a,Electronics,16/02/2020,1,100,200
44189,Store_A,Clothing,3/14/2019,-2,,-50
81301,Store C,Home,7/5/2020,3,10,
27223,Store_B,Eletronics,11/5/2020,-2,-5,200
88183,store_a,Electronics,3/9/2019,2,100,100
14959,Store C,Clothing,4/6/2019,3,-5,200
37257,Store C,Groceries,25/07/2020,1,50,
60802,STORE_B,Groceries,11/3/2020,1,,-50
97748,STORE_B,Home,12/2/2020,1,-5,200
37215,Store C,Electronics,2/6/2019,5,-5,-50
65046,STORE_B,Eletronics,1/3/2020,-2,50,100
44094,Store_B,Electronics,5/4/2020,5,100,
48669,Store_B,Groceries,21/06/2020,2,100,500
46126,STORE_B,Electronics,10/4/2019,3,10,
89036,Store_A,Groceries,9/16/2019,10,50,500
26772,Store C,Clothing,2/15/2019,,,500
58586,Store_B,Clothing,12/12/2019,2,10,
61943,STORE_B,Groceries,26/04/2019,-2,50,500
78868,STORE_B,Eletronics,13/06/2019,10,100,-50
59855,Store_B,Eletronics,13/06/2020,-2,10,100
32218,Store_B,Electronics,12/12/2019,10,100,200
91008,Store_A,Groceries,16/03/2020,2,20,500
67205,STORE_B,Home,18/01/2020,3,20,500
14959,STORE_B,Eletronics,8/21/2019,,10,
92979,store_a,Eletronics,2/20/2019,10,10,-50
55134,Store_A,Clothing,10/26/2020,5,50,200
35874,Store_B,Eletronics,17/11/2020,5,,500
11301,Store_B,Eletronics,21/05/2020,2,,-50
68017,Store C,Eletronics,3/26/2020,,20,200
53319,Store_B,Groceries,23/09/2020,,20,
99616,STORE_B,Groceries,12/17/2019,-2,20,500
96219,Store_B,Clothing,10/10/2020,10,100,
32455,STORE_B,Electronics,31/07/2020,2,,
14112,STORE_B,Eletronics,27/05/2019,,10,500
67033,Store_A,Electronics,8/5/2020,,20,-50
68360,Store_B,Groceries,9/2/2019,5,-5,-50
92418,Store_A,Eletronics,7/3/2020,2,50,
42145,STORE_B,Electronics,12/28/2020,10,10,
42735,Store_B,Electronics,9/30/2020,10,10,100
82781,Store_B,Home,8/6/2020,5,10,200
77641,Store_A,Groceries,8/14/2019,-2,,
31711,Store_A,Clothing,6/4/2019,1,20,
15630,STORE_B,Clothing,3/16/2020,1,50,200
75488,STORE_B,Home,2/16/2020,,100,500
13206,Store_B,Electronics,24/03/2019,3,50,-50
66289,Store_B,Home,9/3/2019,5,50,500
28953,store_a,Home,8/5/2020,3,-5,200
20068,store_a,Groceries,5/14/2020,,50,200
88930,Store C,Eletronics,8/9/2019,-2,100,100
65916,STORE_B,Electronics,7/3/2020,5,50,100
11067,Store C,Clothing,4/27/2019,10,-5,-50
60658,Store C,Clothing,18/10/2020,-2,50,
62165,Store_A,Home,7/23/2019,5,20,200
90781,Store_A,Home,12/17/2019,2,-5,100
19859,store_a,Home,11/15/2019,3,20,500
39164,Store C,Electronics,13/10/2020,5,20,100
90913,store_a,Home,28/07/2019,3,10,500
30773,STORE_B,Home,5/3/2020,-2,-5,100
67295,Store_B,Eletronics,4/17/2019,,50,500
43939,Store_A,Electronics,10/15/2020,5,,100
58599,STORE_B,Groceries,6/21/2019,1,,100
16114,STORE_B,Groceries,6/2/2020,3,,-50
22818,Store_A,Eletronics,15/08/2019,10,100,
19335,Store_A,Clothing,23/03/2019,10,20,200
65008,Store C,Groceries,6/11/2020,5,20,
81745,store_a,Electronics,11/16/2019,10,20,-50
53148,STORE_B,Clothing,26/11/2019,-2,-5,500
13577,Store C,Home,5/13/2020,10,100,
83916,Store C,Electronics,9/22/2019,3,50,200
14076,STORE_B,Clothing,26/06/2019,-2,10,200
42925,STORE_B,Groceries,2/6/2020,5,-5,500
61869,Store_B,Home,13/09/2019,3,20,200
69314,store_a,Home,8/24/2020,5,50,-50
51205,STORE_B,Electronics,9/8/2019,10,,
21095,Store_A,Home,8/6/2019,-2,10,200
94715,Store_B,Clothing,11/26/2019,5,,
66680,store_a,Eletronics,7/5/2019,,50,100
38400,Store_A,Groceries,4/11/2020,5,50,
94297,Store_A,Electronics,7/28/2019,2,,500
77346,store_a,Eletronics,10/15/2019,5,-5,-50
97110,Store_B,Eletronics,3/29/2019,2,10,200
38562,Store_A,Electronics,29/09/2019,3,,-50
50663,Store C,Clothing,5/16/2019,2,,
28510,store_a,Groceries,6/7/2019,-2,-5,200
71608,store_a,Electronics,4/3/2019,3,,-50
82489,STORE_B,Eletronics,8/7/2019,5,10,500
62182,Store_B,Eletronics,6/4/2019,3,100,100
97667,Store C,Electronics,8/8/2019,10,10,100
36883,Store C,Eletronics,4/4/2020,,-5,500
81427,STORE_B,Electronics,11/18/2019,5,,100
45844,Store_A,Electronics,11/21/2020,-2,20,500
28728,Store_A,Groceries,20/04/2019,2,20,
21094,Store C,Electronics,5/26/2020,,50,500
12407,Store_B,Eletronics,3/28/2019,1,100,100
65412,Store_A,Home,10/2/2019,,-5,
22644,store_a,Groceries,5/21/2019,5,50,500
95834,STORE_B,Eletronics,9/16/2020,-2,50,500
70746,Store_B,Eletronics,4/7/2019,-2,20,
62748,Store_A,Groceries,12/19/2019,,10,200
69021,Store C,Groceries,25/10/2019,,50,100
72651,STORE_B,Eletronics,1/17/2020,10,50,200
46807,Store_A,Home,18/09/2020,3,100,
44072,Store C,Clothing,4/19/2020,,20,
48398,Store_A,Eletronics,16/07/2019,2,10,-50
38669,STORE_B,Groceries,1/30/2019,-2,100,-50
40161,store_a,Electronics,1/10/2020,2,10,
17282,store_a,Electronics,10/7/2019,10,10,-50
36539,Store C,Groceries,8/16/2020,,50,500
13307,store_a,Groceries,5/7/2020,,100,200
27745,STORE_B,Clothing,5/9/2020,10,50,
49433,Store C,Groceries,1/23/2020,5,,500
44555,Store_A,Electronics,22/05/2019,1,10,100
11073,Store_B,Home,14/04/2019,1,100,100
42683,Store_A,Groceries,29/06/2020,3,20,-50
35741,STORE_B,Clothing,9/21/2020,2,50,-50
32286,Store C,Home,27/07/2019,5,,500
13599,Store_A,Clothing,1/30/2019,2,-5,100
37293,Store C,Home,9/14/2020,5,,
25389,store_a,Groceries,17/03/2019,10,,200
22318,Store_B,Electronics,12/8/2019,3,50,-50
58875,STORE_B,Home,2/8/2020,10,20,500
13055,Store_A,Eletronics,20/11/2020,2,100,-50
92579,Store_B,Clothing,27/09/2019,-2,10,500
16320,STORE_B,Home,9/1/2019,3,20,100
14642,STORE_B,Clothing,8/9/2019,,50,-50
19321,store_a,Electronics,24/03/2020,-2,-5,500
89968,Store C,Clothing,6/11/2020,5,100,500
98293,Store C,Clothing,4/9/2020,5,10,-50
69618,Store_B,Eletronics,1/8/2020,3,-5,200
36044,store_a,Clothing,6/14/2020,10,100,
31971,STORE_B,Home,8/3/2019,3,10,100
35727,store_a,Clothing,1/2/2020,10,10,-50
32559,store_a,Groceries,4/24/2019,3,,-50
83820,Store_B,Clothing,7/5/2020,10,-5,200
93201,Store C,Groceries,1/25/2019,1,-5,100
37476,store_a,Clothing,22/07/2019,3,50,-50
72683,store_a,Clothing,18/02/2020,10,20,200
20991,store_a,Home,9/2/2020,,,
95097,Store_A,Groceries,7/5/2019,2,,500
80047,store_a,Groceries,23/10/2019,-2,100,
20796,store_a,Eletronics,16/06/2019,-2,-5,
13881,STORE_B,Clothing,11/2/2019,-2,10,
25668,Store_A,Clothing,3/20/2020,2,10,
44312,store_a,Home,30/06/2020,3,100,500
38106,store_a,Eletronics,1/20/2019,3,-5,100
25729,Store_B,Eletronics,11/5/2020,5,50,100
80320,Store_B,Home,16/03/2019,10,10,200
64913,Store_A,Groceries,11/10/2020,3,,200
67026,STORE_B,Electronics,5/8/2019,2,,-50
69402,Store_A,Home,12/24/2019,2,-5,
47282,Store_A,Groceries,7/8/2020,-2,10,
84638,Store_B,Eletronics,11/4/2020,2,10,500
48218,Store_B,Home,9/10/2020,10,50,
27950,STORE_B,Electronics,30/05/2019,1,-5,500
69739,store_a,Clothing,26/11/2019,3,10,-50
14507,STORE_B,Home,25/08/2020,-2,50,200
56303,store_a,Electronics,5/7/2019,1,,200
89059,Store C,Electronics,12/1/2020,10,50,-50
34667,Store_B,Home,5/24/2020,-2,10,-50
13992,Store C,Groceries,3/19/2020,,20,
83563,Store C,Home,13/12/2020,3,-5,200
97680,Store_B,Eletronics,12/5/2020,5,10,100
35530,Store C,Electronics,17/02/2019,3,20,-50
25305,Store_A,Electronics,16/01/2020,3,,200
62129,store_a,Clothing,9/9/2019,3,-5,200
97267,STORE_B,Electronics,20/11/2019,-2,100,500
96209,Store_B,Clothing,2/25/2020,-2,-5,200
62044,Store_A,Electronics,3/2/2019,3,,-50
99363,STORE_B,Electronics,8/1/2020,,,
68817,STORE_B,Home,2/6/2020,3,,200
56666,STORE_B,Home,19/09/2020,10,50,100
36173,Store C,Eletronics,8/1/2020,3,,-50
28909,Store C,Groceries,10/1/2020,,100,
73967,Store C,Eletronics,4/21/2019,10,10,
41007,Store C,Electronics,5/5/2020,3,20,-50
22985,Store_A,Eletronics,18/07/2020,3,-5,
32525,Store C,Home,2/3/2019,10,-5,100
47403,Store_B,Electronics,7/31/2019,3,,200
47193,STORE_B,Electronics,15/08/2020,,20,-50
13830,Store_A,Eletronics,27/10/2020,-2,,200
66144,Store C,Clothing,5/5/2019,2,50,200
10533,STORE_B,Groceries,31/01/2020,3,20,
30946,Store_A,Eletronics,17/02/2020,5,,-50
33504,STORE_B,Eletronics,12/6/2019,10,,200
65715,Store_A,Groceries,11/27/2019,,100,500
38255,store_a,Electronics,24/08/2020,3,100,100
66441,Store_A,Electronics,2/16/2020,3,100,
46855,Store C,Clothing,22/11/2020,10,50,-50
51721,STORE_B,Eletronics,22/07/2019,1,20,-50
51850,STORE_B,Groceries,21/08/2020,,50,
44723,STORE_B,Eletronics,31/03/2020,,10,200
45739,Store_B,Home,10/25/2020,2,,
15539,Store_B,Eletronics,24/12/2019,-2,,-50
83029,Store C,Eletronics,23/05/2020,-2,,500
74509,store_a,Home,8/25/2020,2,100,200
31311,Store_B,Home,1/26/2019,3,,
79180,Store_A,Groceries,10/30/2020,10,100,-50
95981,Store C,Electronics,8/6/2020,5,10,-50
45934,store_a,Clothing,3/12/2019,3,50,-50
19511,Store_A,Home,18/01/2020,2,50,500
10183,STORE_B,Electronics,1/3/2020,3,50,200
19475,Store_B,Groceries,29/03/2020,10,100,
94766,Store_A,Eletronics,1/15/2020,,-5,200
73130,store_a,Groceries,7/7/2020,,-5,-50
69577,Store C,Groceries,6/11/2020,,20,500
36008,Store_A,Home,1/4/2020,,-5,500
86868,Store C,Clothing,8/2/2020,-2,20,-50
57941,STORE_B,Home,5/1/2020,5,10,200
52756,store_a,Eletronics,7/28/2019,1,20,200
80258,store_a,Home,2/11/2019,-2,10,500
90730,Store_B,Eletronics,1/25/2019,5,,100
37912,store_a,Home,6/29/2020,3,50,500
92702,Store_A,Clothing,8/3/2020,2,-5,500
60659,Store_A,Electronics,10/2/2019,10,100,
56840,Store_A,Clothing,24/10/2020,3,10,500
91512,STORE_B,Home,23/05/2019,1,-5,100
48623,store_a,Groceries,8/10/2019,10,100,500
73303,store_a,Electronics,26/11/2019,10,100,200
56062,Store_A,Groceries,24/05/2019,10,50,
66690,Store_B,Clothing,26/02/2020,3,,
87582,Store_B,Electronics,31/08/2020,1,,500
33634,store_a,Home,7/9/2020,3,20,
14090,store_a,Groceries,26/12/2020,10,-5,
55266,Store C,Home,8/6/2019,10,,500
40008,store_a,Eletronics,24/06/2020,-2,50,100
97643,Store_A,Electronics,4/21/2019,2,-5,500
68704,STORE_B,Groceries,26/03/2019,5,100,200
72866,store_a,Clothing,12/8/2020,3,10,-50
18382,store_a,Clothing,5/27/2019,1,10,100
57774,Store_A,Clothing,28/09/2020,-2,,500
84570,Store C,Clothing,7/5/2020,10,20,100
84062,store_a,Groceries,5/14/2019,3,10,-50
99609,Store_B,Eletronics,4/8/2020,5,20,
56698,Store_B,Clothing,13/05/2019,3,10,
11110,Store_B,Clothing,28/04/2020,5,20,-50
91981,STORE_B,Clothing,31/03/2020,3,20,
10386,STORE_B,Eletronics,3/31/2020,2,100,100
68513,store_a,Electronics,20/12/2019,3,50,
94120,store_a,Clothing,25/10/2019,-2,10,-50
57801,store_a,Clothing,26/11/2019,,-5,-50
81857,STORE_B,Clothing,4/4/2020,2,,-50
99976,store_a,Electronics,24/05/2020,5,50,200
41566,Store_A,Clothing,5/19/2019,10,100,100
42521,Store C,Electronics,9/9/2020,10,100,-50
33798,Store_B,Electronics,27/01/2020,3,100,100
23565,Store_B,Home,11/10/2020,1,,200
33027,Store_A,Home,18/08/2019,3,10,100
15631,store_a,Clothing,10/7/2020,2,10,500
99865,STORE_B,Groceries,8/21/2020,2,20,200
66878,store_a,Home,8/18/2020,5,20,200
55206,store_a,Home,31/05/2020,3,-5,
68582,Store_B,Groceries,1/11/2019,5,20,-50
68334,Store_B,Eletronics,11/23/2019,1,,200
82323,STORE_B,Clothing,4/10/2020,10,50,100
63619,Store_B,Eletronics,1/14/2020,10,10,500
36875,store_a,Eletronics,8/19/2019,3,20,100
34514,Store_A,Electronics,9/3/2020,5,,100
32580,STORE_B,Electronics,9/9/2020,5,,500
95827,Store_A,Clothing,3/2/2019,1,-5,
14288,store_a,Groceries,2/18/2019,5,20,-50
16734,STORE_B,Electronics,3/26/2020,,-5,200
93000,Store_A,Home,5/5/2020,,100,-50
49008,STORE_B,Clothing,12/5/2020,2,100,
59349,store_a,Eletronics,2/12/2020,,100,500
17814,STORE_B,Clothing,2/11/2020,,20,-50
53154,store_a,Electronics,10/12/2019,2,,100
17851,STORE_B,Groceries,6/24/2019,,,200
11600,STORE_B,Eletronics,7/7/2020,,10,200
66614,Store_B,Groceries,4/24/2020,2,100,
82402,store_a,Clothing,8/11/2019,3,20,
13692,Store C,Groceries,9/26/2019,-2,10,500
68027,STORE_B,Groceries,20/03/2019,2,,
30373,Store_A,Clothing,11/6/2019,2,10,-50
72805,Store_B,Eletronics,19/06/2019,,100,200
90383,Store_B,Groceries,7/7/2019,10,50,500
24507,STORE_B,Groceries,11/14/2019,-2,100,
72931,Store C,Clothing,1/20/2020,,100,100
85499,Store_B,Home,9/17/2020,3,20,200
81642,store_a,Groceries,26/05/2020,2,50,500
82869,STORE_B,Electronics,13/12/2019,1,-5,200
49423,STORE_B,Eletronics,7/5/2020,2,50,-50
96120,Store C,Groceries,10/4/2020,-2,50,
76600,store_a,Clothing,23/09/2020,3,,
51848,store_a,Electronics,12/4/2020,-2,10,
16820,Store C,Clothing,11/1/2019,5,,100
18512,Store_A,Groceries,21/06/2020,-2,-5,-50
46725,store_a,Electronics,21/04/2019,,50,100
61534,Store_A,Eletronics,15/05/2020,10,20,-50
95151,Store_A,Eletronics,5/25/2020,10,-5,-50
49776,STORE_B,Eletronics,5/7/2020,,100,-50
70945,STORE_B,Home,3/11/2020,,100,
93420,Store_B,Clothing,6/12/2019,3,,
57455,STORE_B,Groceries,7/1/2019,2,-5,
93488,store_a,Electronics,12/7/2019,1,,100
62433,store_a,Clothing,20/07/2019,2,20,500
19711,Store_A,Groceries,6/13/2020,2,100,-50
69262,store_a,Home,2/3/2019,1,,100
96009,STORE_B,Groceries,24/09/2019,10,10,
93785,STORE_B,Clothing,11/19/2019,2,,
19597,STORE_B,Groceries,18/04/2020,5,,500
70067,Store C,Electronics,12/13/2019,5,50,
97520,store_a,Home,29/04/2020,3,10,-50
58022,Store_B,Electronics,12/21/2020,3,10,200
91924,store_a,Home,22/06/2020,-2,20,
28782,store_a,Home,9/2/2019,1,50,500
61782,Store C,Groceries,11/8/2020,1,10,200
82144,store_a,Electronics,3/7/2019,3,50,-50
65013,Store_A,Home,12/23/2020,,50,-50
82036,STORE_B,Home,30/09/2019,2,100,-50
45342,STORE_B,Groceries,5/13/2019,,10,500
95745,Store C,Clothing,4/5/2020,10,100,200
30977,STORE_B,Clothing,28/06/2019,5,,-50
67396,Store_A,Eletronics,1/10/2020,1,,
60021,Store C,Eletronics,2/18/2019,3,100,200
79057,Store_B,Home,23/12/2019,5,,-50
76836,STORE_B,Clothing,1/2/2020,,100,200
37075,store_a,Home,8/1/2019,1,20,
99515,Store_A,Electronics,4/29/2019,1,50,100
40802,Store_A,Clothing,5/5/2019,-2,20,-50
87761,STORE_B,Clothing,30/01/2019,2,10,
87017,Store_B,Clothing,11/9/2020,1,20,500
96753,store_a,Eletronics,13/06/2019,10,20,-50
65822,Store_B,Groceries,18/06/2020,1,,100
61603,Store_B,Groceries,10/7/2019,10,-5,
90291,STORE_B,Eletronics,2/28/2020,,-5,
45592,store_a,Eletronics,12/29/2019,-2,100,200
66006,STORE_B,Eletronics,17/10/2019,2,10,-50
36269,STORE_B,Groceries,21/08/2020,-2,-5,100
60138,Store_A,Home,11/10/2019,10,,500
72398,STORE_B,Eletronics,4/4/2020,,10,200
29874,Store C,Home,17/11/2020,5,50,-50
67228,store_a,Home,8/2/2019,-2,100,100
72670,Store_A,Electronics,22/12/2019,-2,,200
17925,store_a,Groceries,9/29/2019,1,20,100
13107,Store_A,Home,26/11/2019,-2,50,100
96388,Store C,Groceries,5/11/2019,3,20,200
37617,STORE_B,Groceries,12/9/2019,3,-5,200
84258,Store_A,Electronics,12/12/2019,10,10,-50
60075,Store_A,Groceries,8/21/2019,2,50,200
32631,Store_A,Home,16/09/2019,10,,-50
72444,Store C,Clothing,7/29/2020,-2,20,100
17883,store_a,Home,2/20/2020,-2,-5,200
29708,Store C,Home,23/06/2019,,20,-50
56221,Store_A,Groceries,9/24/2019,-2,10,-50
27197,Store_A,Home,23/09/2019,,10,500
31134,STORE_B,Clothing,10/9/2020,-2,-5,-50
43550,Store C,Groceries,13/01/2019,-2,100,-50
24642,Store C,Eletronics,29/06/2019,10,-5,500
30439,Store_B,Home,3/18/2020,10,100,
34583,store_a,Home,7/13/2020,5,-5,200
89538,Store_B,Electronics,3/17/2019,,-5,500
72014,Store_B,Eletronics,9/4/2019,5,10,-50
29523,store_a,Eletronics,8/2/2020,10,100,-50
80543,STORE_B,Clothing,11/9/2019,2,-5,200
95971,STORE_B,Eletronics,7/29/2020,1,20,100
86830,store_a,Electronics,12/9/2019,,10,500
55538,store_a,Clothing,12/15/2020,3,50,
57310,Store C,Eletronics,19/04/2020,5,10,200
20908,Store C,Clothing,10/9/2019,,-5,200
67290,Store C,Eletronics,12/26/2020,1,,500
63634,Store C,Eletronics,9/23/2020,5,,-50
22699,Store_A,Eletronics,2/3/2020,,10,-50
76912,Store_A,Home,17/06/2020,5,50,
24255,STORE_B,Eletronics,12/14/2020,5,10,500
89183,Store_A,Home,12/7/2019,10,50,200
70282,Store_A,Groceries,10/19/2019,-2,-5,500
68249,Store C,Electronics,2/23/2019,10,20,100
48176,Store C,Clothing,13/03/2020,5,20,200
18163,store_a,Clothing,10/10/2020,5,50,
64210,Store C,Groceries,9/9/2019,-2,100,
81979,store_a,Eletronics,4/21/2020,3,20,200
88860,store_a,Electronics,1/22/2019,1,,-50
31143,Store_A,Groceries,15/09/2020,-2,10,200
14920,Store C,Groceries,7/8/2020,1,-5,200
92911,Store_A,Clothing,12/6/2020,2,100,100
47996,Store C,Home,18/11/2019,-2,,200
21748,Store_A,Home,11/25/2020,2,10,500
91251,Store_A,Eletronics,6/9/2019,2,,500
57252,Store_A,Eletronics,28/06/2019,10,100,
73179,STORE_B,Groceries,6/13/2020,10,50,-50
16450,Store_A,Eletronics,4/11/2019,3,10,
62756,Store_B,Home,5/8/2020,10,,100
60235,Store_B,Electronics,31/10/2020,2,-5,200
10020,Store_B,Clothing,10/4/2020,,-5,
90253,store_a,Home,12/9/2019,5,,200
19664,Store_A,Eletronics,8/1/2020,2,100,
76635,Store_B,Clothing,28/04/2020,3,100,200
33225,store_a,Clothing,,5,-5,
78173,Store_B,Groceries,28/02/2019,10,-5,500
95333,Store C,Eletronics,27/09/2020,5,100,100
50225,STORE_B,Groceries,24/04/2019,,50,
20807,Store_A,Clothing,5/5/2019,3,20,500
93274,STORE_B,Groceries,8/6/2019,10,,-50
16402,STORE_B,Eletronics,10/30/2020,1,50,
14521,Store C,Home,14/10/2020,2,,200
73165,Store C,Electronics,5/17/2020,-2,-5,100
18382,Store C,Home,6/22/2019,,50,500
25065,store_a,Clothing,5/6/2019,,-5,500
95470,Store_B,Home,17/11/2020,-2,-5,100
24425,Store_A,Groceries,4/30/2019,2,-5,
23111,Store C,Eletronics,9/30/2019,3,10,200
50799,Store_A,Home,12/10/2020,3,20,-50
63257,Store_A,Home,9/11/2020,,-5,
71177,Store_A,Eletronics,1/7/2019,2,,100
91046,Store C,Groceries,25/05/2019,5,100,
47851,Store C,Electronics,7/5/2019,1,20,
18816,Store_B,Home,3/9/2020,1,,100
87853,Store C,Clothing,9/18/2019,3,10,100
12175,Store C,Groceries,27/07/2020,3,-5,-50
21341,Store_A,Groceries,13/09/2020,5,,100
73908,Store_B,Home,21/02/2020,3,,100
35654,STORE_B,Eletronics,10/5/2019,1,,100
70895,Store C,Home,4/3/2019,2,20,500
69696,Store C,Home,16/08/2019,,-5,100
67889,STORE_B,Eletronics,2/4/2019,1,,100
97144,Store_A,Clothing,5/8/2019,5,100,100
93115,Store_B,Eletronics,6/15/2020,2,-5,-50
40194,Store_A,Home,11/2/2019,2,50,
44837,store_a,Electronics,6/16/2019,,100,100
78894,Store C,Eletronics,10/4/2019,1,10,100
94358,store_a,Clothing,8/24/2019,-2,20,-50
51576,Store C,Eletronics,21/11/2019,2,50,
29727,store_a,Eletronics,7/6/2020,2,20,-50
44579,STORE_B,Groceries,7/10/2019,3,20,200
26555,Store C,Groceries,10/18/2020,2,,200
63294,Store C,Home,9/4/2020,5,100,200
59777,store_a,Home,9/12/2019,2,50,100
15906,Store_B,Eletronics,25/07/2020,3,,-50
50751,store_a,Electronics,30/08/2019,10,50,100
79599,Store C,Home,15/12/2019,10,-5,200
84180,Store C,Eletronics,10/10/2020,5,-5,
83678,Store_B,Eletronics,4/16/2019,,100,
41644,Store_A,Eletronics,7/11/2019,,,-50
43521,Store_B,Eletronics,29/09/2019,-2,50,
21564,Store_A,Eletronics,24/07/2020,-2,-5,200
80640,Store C,Groceries,6/24/2019,5,,-50
37299,STORE_B,Clothing,9/26/2020,2,20,-50
57958,STORE_B,Clothing,3/26/2019,2,-5,200
66078,store_a,Eletronics,5/8/2019,10,10,200
23421,Store_B,Home,12/28/2020,10,50,200
98747,Store_B,Electronics,23/05/2020,1,-5,200
21202,STORE_B,Eletronics,3/11/2019,10,100,-50
52185,Store_A,Electronics,26/11/2019,-2,50,
13685,Store_B,Groceries,16/11/2019,10,10,200
52637,Store_A,Clothing,3/11/2019,5,50,500
28366,Store_A,Groceries,6/3/2019,1,50,-50
34276,Store_A,Home,31/12/2020,,-5,100
90946,Store_A,Home,3/2/2019,1,50,
58239,store_a,Eletronics,9/28/2019,2,100,-50
85214,store_a,Home,6/24/2020,2,10,200
34575,STORE_B,Home,2/1/2020,1,-5,500
51401,store_a,Groceries,7/24/2020,1,10,100
51230,Store_B,Electronics,5/29/2019,2,100,
89424,store_a,Clothing,1/10/2019,-2,50,200
92263,Store_B,Home,10/5/2020,5,50,-50
78617,Store_B,Home,3/3/2019,5,-5,-50
33021,Store_A,Groceries,11/11/2020,5,10,
19449,STORE_B,Clothing,12/2/2019,5,50,500
25657,Store_A,Groceries,8/6/2020,2,20,200
45059,Store_A,Electronics,6/11/2020,-2,50,
11532,store_a,Groceries,3/20/2020,3,50,
60805,store_a,Clothing,5/9/2020,10,,-50
91551,Store_B,Clothing,11/1/2020,10,10,
47756,store_a,Home,27/12/2020,10,10,100
81880,store_a,Electronics,1/17/2019,10,20,100
84642,Store C,Eletronics,1/4/2020,2,20,200
44206,Store_B,Home,11/14/2020,3,20,
62168,Store_B,Groceries,26/06/2019,2,10,-50
85188,Store C,Groceries,8/5/2020,3,,200
34550,Store_B,Clothing,9/12/2019,2,,500
16389,STORE_B,Clothing,3/31/2020,-2,100,-50
97897,STORE_B,Clothing,10/4/2020,1,10,500
45847,Store C,Eletronics,7/14/2020,3,100,200
89239,store_a,Eletronics,6/16/2020,10,50,100
28642,STORE_B,Home,15/11/2020,3,20,-50
46509,Store C,Eletronics,11/16/2019,,100,-50
89417,STORE_B,Clothing,8/8/2019,5,-5,200
59237,Store_A,Home,11/29/2020,3,100,-50
25414,Store C,Home,7/12/2020,,10,-50
73176,Store_B,Electronics,2/1/2019,5,20,200
89865,STORE_B,Eletronics,12/15/2020,,20,
72059,Store_B,Groceries,23/01/2019,5,,200
59150,Store C,Groceries,5/11/2019,1,100,-50
98367,STORE_B,Electronics,2/13/2020,3,,200
51091,Store_B,Clothing,7/4/2019,,100,-50
83124,store_a,Electronics,6/22/2019,-2,10,500
10903,store_a,Clothing,16/04/2020,1,10,500
64235,Store_A,Eletronics,24/07/2019,10,50,100
68565,Store C,Eletronics,1/2/2020,3,100,200
65342,Store_B,Home,1/9/2020,2,100,200
52723,Store_A,Home,12/7/2020,2,20,500
45572,Store C,Home,2/9/2019,2,20,500
27610,store_a,Home,21/02/2019,-2,,500
44052,Store_B,Groceries,18/04/2020,,50,100
97063,STORE_B,Home,5/12/2019,,10,100
47550,store_a,Home,10/24/2020,5,100,
64033,STORE_B,Home,23/03/2020,2,,200
39011,STORE_B,Clothing,12/25/2019,10,50,100
44764,Store_B,Home,11/6/2020,,20,-50
63533,Store_B,Electronics,29/01/2019,-2,50,200
34064,STORE_B,Home,6/14/2019,3,,
59581,Store_A,Home,12/17/2020,,10,500
38702,STORE_B,Groceries,3/2/2020,3,20,
95701,STORE_B,Home,11/7/2020,-2,-5,200
18631,Store_B,Clothing,5/2/2020,,20,500
97388,Store C,Eletronics,8/1/2019,5,10,
80043,store_a,Home,4/2/2019,5,20,
76063,Store_B,Home,6/6/2019,5,,200
38981,Store_A,Home,3/1/2020,10,20,100
45764,store_a,Groceries,3/10/2020,,100,-50
60513,Store_B,Eletronics,15/04/2020,3,50,
76198,Store_B,Groceries,21/04/2019,-2,,-50
34940,Store C,Groceries,10/6/2020,,10,200
81792,Store_A,Groceries,11/8/2019,-2,,200
38432,Store_A,Clothing,5/7/2019,1,100,100
18367,Store_B,Eletronics,1/12/2020,5,20,500
35511,Store C,Clothing,29/09/2020,2,20,-50
18573,Store_B,Clothing,8/13/2019,-2,-5,
25582,STORE_B,Eletronics,6/11/2019,1,,500
15378,STORE_B,Clothing,5/11/2020,-2,20,-50
75296,Store C,Eletronics,4/17/2020,1,20,-50
23500,Store_B,Home,26/08/2020,-2,100,500
75841,Store C,Groceries,5/3/2020,5,10,500
31881,Store_B,Clothing,4/19/2020,2,-5,100
80233,Store_B,Eletronics,8/5/2019,5,-5,
61542,STORE_B,Electronics,7/15/2019,-2,-5,
75285,store_a,Clothing,7/20/2019,5,50,
69547,Store_A,Clothing,1/1/2020,2,,500
72151,Store_A,Eletronics,12/19/2020,1,10,100
17222,Store C,Electronics,2/4/2020,1,50,200
17933,Store_A,Electronics,8/12/2020,-2,10,100
93385,STORE_B,Home,8/2/2019,,,500
99772,store_a,Clothing,12/7/2019,2,-5,100
88437,Store_B,Groceries,13/09/2020,1,100,500
16940,Store_B,Clothing,16/08/2019,10,100,-50
94590,STORE_B,Groceries,4/29/2019,5,100,-50
69145,Store_A,Groceries,18/12/2020,-2,10,200
53610,Store_B,Eletronics,15/04/2019,10,,-50
67520,Store_A,Clothing,21/04/2019,10,20,200
14544,STORE_B,Eletronics,16/05/2019,,20,
64812,Store_B,Home,27/10/2020,,100,500
81610,Store C,Groceries,16/04/2020,,10,
61500,store_a,Electronics,25/12/2020,10,20,
49618,Store_A,Groceries,2/8/2019,3,10,200
35444,Store_A,Home,2/6/2020,3,,500
95982,Store_A,Groceries,17/11/2020,10,100,200
66586,Store_A,Eletronics,1/6/2019,5,50,100
34789,STORE_B,Clothing,7/19/2020,-2,100,
11617,STORE_B,Electronics,7/1/2020,10,50,500
13333,STORE_B,Eletronics,2/28/2020,-2,20,
50002,STORE_B,Clothing,4/28/2019,10,-5,100
73620,Store_B,Electronics,1/3/2020,,50,100
97688,STORE_B,Home,3/2/2020,-2,-5,500
99627,Store_B,Groceries,2/2/2020,,10,500
10511,Store C,Electronics,18/08/2020,,-5,100
47850,STORE_B,Home,9/21/2020,3,50,
92172,Store C,Clothing,5/28/2019,10,20,-50
96053,STORE_B,Electronics,5/30/2019,5,20,
41786,Store C,Home,26/03/2019,5,100,-50
84356,store_a,Clothing,9/13/2019,,20,200
46244,Store C,Eletronics,3/23/2019,,10,500
84714,Store_B,Groceries,1/16/2019,10,50,100
77261,Store_A,Home,19/06/2019,5,,200
28477,Store C,Eletronics,7/12/2019,10,20,
56533,Store_A,Clothing,12/23/2020,-2,-5,-50
44469,store_a,Electronics,2/1/2020,3,50,500
18496,store_a,Groceries,23/07/2020,10,100,-50
22270,Store_B,Clothing,20/12/2019,,,
86008,Store_B,Home,30/08/2019,1,100,
30724,Store C,Groceries,8/8/2019,3,10,100
40416,STORE_B,Eletronics,6/19/2020,5,100,200
45575,store_a,Groceries,12/9/2019,5,50,500
91190,Store_A,Eletronics,1/30/2020,,,100
86614,STORE_B,Clothing,31/07/2019,,100,-50
83108,store_a,Electronics,9/15/2019,3,100,200
27408,Store C,Groceries,5/5/2020,,-5,500
29359,store_a,Electronics,2/22/2019,1,-5,-50
18698,Store_B,Electronics,10/12/2020,3,10,500
80392,Store_A,Groceries,9/28/2019,,50,500
49492,Store_A,Groceries,7/20/2019,-2,100,200
84781,Store_B,Electronics,1/31/2020,2,50,-50
53634,STORE_B,Home,1/13/2020,1,20,100
52864,Store_B,Home,11/6/2020,3,10,100
47355,Store_A,Groceries,6/18/2020,2,-5,100
47690,Store C,Electronics,11/7/2019,10,10,500
47814,STORE_B,Electronics,16/01/2020,1,10,
41645,store_a,Clothing,2/2/2020,10,50,200
94814,Store C,Electronics,19/04/2020,2,-5,100
82739,STORE_B,Home,16/05/2019,5,-5,200
66630,Store_A,Clothing,29/07/2020,5,100,500
58171,Store_A,Home,7/14/2020,,100,200
31658,Store C,Eletronics,7/9/2019,5,50,100
25797,STORE_B,Groceries,7/24/2019,10,50,100
68799,store_a,Eletronics,25/08/2019,1,20,500
62236,store_a,Groceries,2/13/2019,10,,500
16265,Store_B,Home,30/09/2019,10,,-50
82134,Store C,Home,15/08/2020,5,10,500
92678,STORE_B,Eletronics,15/10/2019,10,100,
63494,Store C,Groceries,10/1/2020,2,-5,
62268,store_a,Groceries,20/09/2019,3,10,100
36998,STORE_B,Clothing,12/1/2020,3,-5,500
71339,Store_A,Electronics,25/07/2020,3,100,
24306,Store_A,Clothing,12/13/2020,,100,
74006,STORE_B,Home,8/11/2020,-2,20,-50
57345,Store C,Eletronics,9/28/2020,-2,50,500
21885,Store C,Groceries,14/03/2019,5,50,-50
53826,Store_A,Clothing,11/7/2019,-2,50,200
65597,Store_A,Eletronics,27/05/2019,5,,-50
17443,store_a,Eletronics,6/5/2019,3,50,200
27084,STORE_B,Electronics,10/1/2019,1,,200
99447,Store C,Groceries,6/14/2020,,-5,500
14383,store_a,Eletronics,1/17/2019,3,10,200
44361,Store C,Groceries,12/18/2020,10,,200
90294,Store_A,Clothing,19/11/2019,-2,100,-50
71331,STORE_B,Eletronics,4/14/2020,3,20,500
30529,Store_B,Eletronics,21/03/2019,-2,20,500
68574,STORE_B,Clothing,19/08/2020,3,100,200
98627,Store_B,Groceries,7/8/2020,-2,-5,-50
40932,store_a,Groceries,4/3/2019,1,10,-50
11908,Store_B,Eletronics,31/05/2019,5,20,-50
40358,Store_B,Clothing,7/31/2020,-2,100,-50
40412,store_a,Home,9/22/2020,5,20,100
93710,STORE_B,Groceries,31/03/2019,10,,200
91032,store_a,Home,8/6/2020,3,-5,200
12928,Store_A,Eletronics,25/04/2019,2,20,200
75158,Store_A,Home,30/03/2020,10,-5,500
40632,Store_B,Home,21/04/2019,-2,-5,500
42309,store_a,Groceries,11/24/2019,5,,-50
19280,store_a,Eletronics,12/30/2020,1,-5,500
50449,store_a,Home,9/11/2019,-2,,
97171,STORE_B,Groceries,7/24/2020,5,20,200
36957,Store C,Home,6/27/2020,5,20,200
46895,Store C,Groceries,30/04/2019,-2,-5,100
80499,Store C,Eletronics,4/30/2019,1,,100
31695,STORE_B,Clothing,1/9/2019,3,20,
84893,store_a,Groceries,1/4/2019,3,-5,100
73123,Store C,Groceries,5/28/2020,-2,10,-50
35176,store_a,Home,5/9/2019,-2,50,-50
28409,Store_B,Eletronics,4/7/2019,-2,50,200
66967,Store C,Electronics,20/05/2019,5,100,-50
10987,Store_B,Electronics,24/10/2020,-2,-5,100
64462,STORE_B,Clothing,10/12/2020,10,50,
77501,Store_A,Eletronics,9/14/2019,2,10,-50
36015,STORE_B,Groceries,5/8/2019,-2,-5,200
76404,STORE_B,Electronics,13/10/2020,10,50,200
60281,STORE_B,Clothing,24/03/2020,,50,100
47146,Store C,Eletronics,2/26/2019,10,10,-50
58231,Store_B,Clothing,8/4/2020,5,,100
39032,Store C,Electronics,7/9/2020,5,50,200
38305,Store_A,Home,12/24/2020,2,100,
64306,STORE_B,Home,10/14/2020,2,50,-50
98176,store_a,Eletronics,4/1/2020,2,50,
28318,Store_A,Clothing,6/7/2019,5,10,-50
23246,Store_B,Groceries,3/26/2019,5,10,200
43844,Store_A,Electronics,11/18/2019,10,-5,-50
42602,Store C,Home,11/5/2019,5,100,200
31584,store_a,Home,10/11/2019,,20,500
25169,Store C,Clothing,1/12/2019,3,10,200
35968,STORE_B,Home,29/09/2019,3,20,200
16385,STORE_B,Clothing,5/14/2019,2,100,-50
83758,Store_A,Electronics,9/5/2020,5,50,
35444,STORE_B,Clothing,10/10/2020,,-5,200
72497,STORE_B,Home,27/11/2020,3,50,-50
15362,Store_B,Clothing,29/05/2020,10,-5,200
18250,Store_B,Home,8/17/2019,1,20,100
78354,Store C,Eletronics,24/09/2019,-2,100,100
46368,Store C,Home,21/08/2020,10,100,100
54109,Store_B,Home,4/29/2019,1,10,100
90589,Store_A,Home,26/07/2019,,20,
67645,Store_B,Eletronics,11/20/2019,10,-5,200
66997,Store C,Groceries,9/7/2019,3,10,100
37426,store_a,Home,6/8/2019,5,20,-50
49023,STORE_B,Groceries,8/27/2019,1,10,100
69267,store_a,Electronics,1/31/2020,5,10,500
34892,store_a,Clothing,11/16/2019,,100,500
69232,STORE_B,Groceries,26/04/2020,-2,100,
69225,Store_B,Electronics,11/5/2019,-2,50,500
26007,Store_A,Clothing,9/6/2019,5,50,-50
89777,store_a,Home,6/21/2020,3,100,100
54858,Store_A,Home,12/1/2020,,100,500
55073,Store C,Home,1/29/2020,-2,10,500
99438,store_a,Eletronics,10/13/2020,2,50,
93098,Store C,Eletronics,14/10/2019,2,100,500
30239,Store_B,Eletronics,2/10/2020,1,20,100
72969,store_a,Eletronics,26/09/2019,3,20,200
23065,Store C,Electronics,18/04/2020,5,50,100
51291,Store C,Electronics,1/21/2019,10,20,500
48805,Store_B,Home,6/4/2019,10,-5,500
28443,Store_A,Clothing,16/05/2019,,10,500
19290,Store_A,Eletronics,7/12/2020,1,50,
10211,store_a,Clothing,7/13/2019,1,-5,-50
93634,Store_B,Electronics,31/05/2020,1,100,100
29072,store_a,Eletronics,2/3/2020,3,-5,500
53290,Store_A,Electronics,10/7/2019,10,20,200
95186,Store_B,Electronics,6/9/2019,,10,
25115,STORE_B,Groceries,30/10/2019,3,100,-50
15149,Store_B,Electronics,30/10/2020,,,500
51992,Store_B,Home,4/16/2020,3,10,100
27716,STORE_B,Electronics,6/1/2019,5,20,200
23621,Store C,Eletronics,21/02/2020,3,10,
16820,Store C,Home,12/3/2019,3,,100
52800,Store C,Electronics,7/6/2020,5,,100
65043,Store_A,Home,17/12/2020,2,10,
40399,Store_B,Electronics,12/30/2020,5,100,100
24002,STORE_B,Home,5/27/2020,1,-5,200
53098,Store_A,Clothing,9/10/2019,-2,100,200
55511,STORE_B,Groceries,6/20/2019,2,,100
63243,Store_A,Home,29/04/2019,-2,50,500
38750,Store_A,Eletronics,4/3/2019,10,50,100
27310,Store_A,Groceries,5/5/2019,-2,100,500
65398,STORE_B,Groceries,6/24/2019,,50,100
92542,store_a,Electronics,5/18/2020,3,100,-50
85207,Store_A,Home,8/11/2020,2,20,200
54345,Store C,Groceries,12/11/2020,10,100,100
61843,Store_B,Eletronics,4/16/2019,5,20,200
20222,store_a,Eletronics,6/11/2020,5,-5,
99322,store_a,Eletronics,2/7/2019,1,,-50
41509,STORE_B,Electronics,1/30/2020,-2,50,500
10386,store_a,Clothing,9/7/2019,1,-5,
74334,STORE_B,Home,4/21/2020,2,-5,-50
77170,STORE_B,Groceries,12/22/2020,-2,,
50878,Store C,Home,11/11/2019,,10,200
79669,Store_A,Groceries,31/07/2020,3,10,-50
48349,store_a,Electronics,10/7/2020,5,-5,
31952,Store_A,Home,22/12/2020,2,-5,500
31529,Store_A,Electronics,12/31/2019,-2,,-50
81303,Store_A,Electronics,6/30/2019,2,100,-50
51521,STORE_B,Home,3/1/2019,,100,
28383,Store_A,Home,25/05/2019,-2,50,100
14901,store_a,Groceries,20/09/2019,2,,500
52889,STORE_B,Eletronics,10/22/2020,1,10,500
24633,store_a,Electronics,9/1/2019,,,
72244,STORE_B,Clothing,11/9/2019,5,,200
29163,Store_B,Groceries,3/17/2019,-2,50,200
69019,Store_B,Groceries,9/19/2019,1,100,100
20707,Store_B,Eletronics,8/19/2019,1,-5,100
98112,Store_B,Eletronics,12/3/2020,,10,
93597,STORE_B,Electronics,3/11/2020,,50,200
55101,Store_A,Groceries,10/7/2020,2,10,500
54706,Store C,Groceries,24/08/2020,10,10,200
87084,Store C,Clothing,11/11/2020,10,100,
25115,Store_B,Electronics,26/01/2019,10,-5,200
85379,Store_A,Electronics,9/9/2020,-2,-5,-50
49979,store_a,Eletronics,21/04/2019,-2,100,
50641,Store_A,Electronics,28/05/2019,2,50,-50
79377,store_a,Clothing,27/09/2020,3,20,
16416,Store C,Electronics,5/30/2020,-2,50,500
20633,Store_A,Home,3/17/2020,5,50,
10594,Store_A,Home,8/5/2020,2,20,
24393,Store C,Clothing,9/19/2019,2,10,
45380,Store_A,Eletronics,18/01/2019,1,,
55056,store_a,Groceries,29/03/2019,10,20,100
98279,Store_A,Electronics,28/09/2019,,,-50
14861,store_a,Eletronics,16/05/2019,2,10,
46126,Store_B,Eletronics,8/30/2020,3,20,
90382,Store_A,Electronics,28/06/2019,-2,100,100
43682,store_a,Groceries,3/6/2020,5,50,200
28228,Store C,Electronics,6/6/2020,3,20,100
34009,Store_B,Groceries,26/04/2020,2,20,100
10094,Store_A,Clothing,16/05/2020,2,10,100
90636,store_a,Groceries,2/11/2019,1,100,
62221,Store_A,Eletronics,6/11/2019,3,20,100
27430,store_a,Clothing,28/12/2020,1,100,100
45571,Store_A,Home,1/5/2019,,,100
64486,Store_B,Clothing,7/21/2019,3,20,
72294,Store_B,Groceries,2/20/2020,10,100,500
30860,Store_A,Clothing,1/11/2019,,50,500
82812,Store_A,Clothing,5/8/2019,10,10,200
76087,STORE_B,Home,20/11/2020,3,-5,
18486,Store_A,Groceries,25/09/2020,1,100,100
93063,Store_A,Eletronics,21/01/2019,10,10,100
59607,Store_B,Clothing,7/8/2019,2,-5,100
19745,Store_A,Electronics,1/8/2020,-2,20,500
88533,Store C,Eletronics,1/11/2020,5,20,100
28330,Store_A,Clothing,1/6/2020,1,,100
50078,STORE_B,Eletronics,19/04/2020,,10,500
65332,store_a,Electronics,12/8/2020,-2,50,100
64532,Store_B,Eletronics,22/08/2020,,50,200
53336,Store C,Eletronics,3/6/2020,3,100,-50
18070,store_a,Electronics,11/20/2020,,50,200
11320,Store C,Electronics,4/28/2019,5,-5,
99043,Store_B,Electronics,6/10/2020,5,10,200
48921,STORE_B,Home,8/10/2020,2,20,200
16589,Store_B,Electronics,5/12/2019,,10,500
74409,Store C,Eletronics,8/15/2019,1,10,
25589,Store C,Electronics,10/10/2020,5,20,200
46375,Store_B,Clothing,9/8/2020,1,-5,-50
53085,Store_A,Electronics,16/06/2020,2,10,200
70840,Store_B,Electronics,12/14/2019,3,50,100
53200,STORE_B,Groceries,5/21/2019,5,100,500
36732,Store_B,Eletronics,7/23/2019,5,100,100
32426,store_a,Eletronics,30/09/2019,5,10,
40982,Store_A,Clothing,10/5/2019,,-5,
69720,store_a,Home,24/04/2019,1,20,500
26746,Store_B,Groceries,21/09/2019,-2,,200
38514,Store_A,Clothing,15/07/2020,5,-5,
74889,store_a,Clothing,11/9/2019,1,10,-50
13851,store_a,Eletronics,11/12/2020,,10,500
29796,Store_A,Groceries,5/17/2019,10,,100
86034,Store_A,Eletronics,12/17/2019,10,100,-50
72798,Store C,Home,29/03/2020,1,-5,500
72985,Store_A,Eletronics,6/22/2019,,100,-50
44592,Store_B,Electronics,27/02/2020,10,,500
54845,STORE_B,Eletronics,3/20/2019,2,20,100
25930,Store C,Electronics,5/9/2019,2,10,200
31159,Store_A,Clothing,7/22/2020,10,50,500
99788,STORE_B,Home,12/5/2019,3,100,
34003,Store C,Electronics,2/26/2019,1,100,100
45139,Store_B,Home,23/11/2020,10,-5,100
62452,STORE_B,Eletronics,12/29/2019,1,100,-50
32205,Store_A,Eletronics,19/09/2020,-2,20,
66955,Store_A,Clothing,5/14/2019,-2,,-50
17464,Store_B,Eletronics,1/14/2019,,20,100
92646,Store C,Electronics,10/10/2019,-2,100,500
82657,STORE_B,Clothing,16/03/2019,-2,-5,
19840,Store_B,Home,14/12/2020,10,10,100
50768,Store C,Clothing,5/7/2019,2,100,
19461,store_a,Home,8/6/2019,,10,500
30927,store_a,Groceries,14/01/2019,-2,-5,200
99934,Store C,Electronics,11/10/2020,3,10,-50
25329,Store_A,Electronics,23/09/2019,1,100,-50
25791,Store_A,Home,9/17/2019,3,100,100
62627,store_a,Eletronics,25/05/2020,-2,10,100
24372,Store_A,Eletronics,4/9/2019,2,20,500
58469,Store_A,Groceries,7/1/2019,-2,20,100
97073,Store C,Home,6/18/2019,5,-5,100
44370,Store C,Groceries,8/21/2019,5,20,100
61408,Store_A,Home,13/08/2019,1,50,
33703,Store C,Groceries,21/01/2020,,10,
25234,STORE_B,Home,4/16/2020,2,50,200
17532,store_a,Electronics,13/01/2020,-2,50,
45416,STORE_B,Groceries,11/9/2020,1,10,-50
82439,STORE_B,Groceries,1/16/2020,,50,200
28242,Store_A,Home,30/11/2020,1,-5,100
60254,Store_A,Clothing,8/6/2020,1,-5,-50
89324,STORE_B,Clothing,9/8/2019,3,10,200
45249,STORE_B,Electronics,13/01/2020,10,,200
95078,Store_B,Eletronics,11/15/2019,2,,-50
42294,Store_B,Eletronics,7/12/2019,3,10,200
69784,store_a,Electronics,25/07/2019,,10,-50
13684,STORE_B,Eletronics,8/23/2020,10,10,200
33795,Store C,Home,8/29/2020,1,20,200
70301,Store_B,Clothing,15/08/2020,5,10,200
79187,Store_A,Electronics,12/10/2020,-2,-5,-50
20431,STORE_B,Home,3/2/2019,3,-5,200
85667,Store C,Electronics,3/6/2019,2,100,
99627,Store C,Clothing,17/09/2019,2,,
65372,Store C,Eletronics,5/20/2020,10,,
80366,Store_A,Home,3/6/2019,3,10,
82870,Store_B,Clothing,8/10/2019,1,,
57387,Store C,Electronics,4/10/2020,10,10,100
62927,Store_B,Groceries,3/13/2019,,10,200
19304,store_a,Home,6/6/2019,2,,500
27032,Store_A,Electronics,4/18/2020,,,100
69486,Store_B,Electronics,10/16/2020,3,100,-50
75552,Store_B,Clothing,1/19/2019,5,50,100
83844,Store C,Electronics,6/5/2020,,100,500
39654,Store C,Home,22/02/2019,-2,100,100
49244,Store_A,Home,2/19/2020,1,,200
15942,Store_B,Electronics,12/30/2019,-2,-5,
60697,STORE_B,Clothing,6/11/2020,2,100,200
12693,Store C,Home,8/1/2020,-2,-5,100
66751,Store C,Groceries,6/3/2019,3,,500
91098,store_a,Eletronics,27/04/2020,5,20,-50
16259,Store_A,Clothing,16/03/2020,2,10,200
14942,Store_B,Clothing,3/18/2020,5,50,500
57419,Store_B,Eletronics,9/22/2019,2,-5,-50
66105,Store_B,Eletronics,10/11/2020,10,20,
75907,Store C,Home,5/23/2020,-2,-5,200
37383,Store_A,Electronics,16/08/2020,10,10,200
33404,Store_B,Electronics,4/10/2020,10,10,
82656,STORE_B,Groceries,12/31/2019,3,50,
15702,store_a,Electronics,22/11/2020,10,100,100
83883,store_a,Groceries,5/7/2020,3,10,-50
66332,Store_B,Groceries,6/25/2020,1,50,500
49419,Store C,Clothing,5/4/2020,10,-5,
98078,store_a,Clothing,19/01/2020,3,-5,100
83844,store_a,Home,12/23/2020,2,-5,-50
49242,store_a,Eletronics,21/04/2019,3,-5,-50
44142,store_a,Eletronics,10/27/2019,,-5,200
17393,Store_B,Groceries,6/23/2019,3,,100
79939,Store_A,Eletronics,10/7/2020,-2,10,100
79082,Store_A,Groceries,27/10/2020,,10,200
38893,Store C,Eletronics,1/24/2019,2,100,500
19388,STORE_B,Home,8/5/2020,-2,100,
72969,Store_A,Clothing,12/31/2020,3,,200
46660,STORE_B,Clothing,1/7/2019,-2,10,
99244,Store_A,Groceries,26/10/2019,2,100,100
34726,Store_A,Eletronics,29/03/2020,-2,50,200
89544,Store C,Electronics,27/05/2019,,-5,500
72996,store_a,Home,24/06/2020,5,-5,
10111,Store C,Eletronics,6/15/2019,10,10,
27545,Store_A,Electronics,3/3/2020,,-5,
50168,store_a,Home,5/25/2019,1,-5,100
12379,store_a,Home,21/07/2019,3,50,
97346,store_a,Clothing,5/23/2020,-2,20,-50
51120,STORE_B,Groceries,25/06/2019,2,,
27809,Store_A,Eletronics,27/05/2020,10,100,100
62813,Store_B,Home,10/6/2020,-2,20,200
84005,Store C,Eletronics,3/17/2019,3,100,
37967,STORE_B,Home,3/4/2019,10,20,
19748,Store C,Clothing,3/9/2020,5,-5,200
33424,Store_B,Groceries,27/11/2019,3,100,-50
96512,store_a,Electronics,7/19/2020,-2,,100
33914,Store_B,Electronics,22/06/2020,2,10,200
88478,Store C,Clothing,8/3/2020,5,50,100
29491,Store_B,Home,4/7/2020,3,20,200
59454,Store_A,Clothing,9/8/2020,10,50,500
80069,Store_B,Groceries,1/16/2020,-2,50,-50
61925,Store_A,Electronics,27/04/2019,5,100,500
99119,Store_B,Eletronics,22/04/2020,2,10,200
47049,Store_A,Electronics,10/30/2019,3,100,200
37821,Store_A,Groceries,25/01/2019,10,50,100
39945,Store_B,Home,6/13/2019,-2,-5,200
27384,STORE_B,Clothing,10/5/2020,10,,100
38410,store_a,Electronics,1/12/2020,,10,100
87734,store_a,Electronics,17/05/2020,5,10,200
73766,store_a,Eletronics,4/11/2019,-2,-5,100
17169,Store_A,Clothing,16/06/2019,3,50,-50
50129,store_a,Eletronics,21/02/2019,,100,500
13830,Store_A,Eletronics,1/3/2020,10,-5,200
66306,STORE_B,Home,15/06/2020,5,,100
96940,Store_B,Electronics,12/27/2020,1,20,100
75267,Store_B,Clothing,6/8/2020,-2,100,100
37757,Store_A,Home,1/7/2020,10,10,100
73867,Store_A,Home,11/5/2019,5,-5,-50
45650,STORE_B,Home,24/12/2020,1,100,200
43766,store_a,Groceries,10/7/2019,-2,20,200
91478,STORE_B,Groceries,11/12/2019,5,,-50
42419,Store_B,Home,5/1/2020,10,-5,-50
26668,Store_B,Groceries,26/03/2019,1,,-50
26246,store_a,Clothing,5/31/2019,-2,20,200
34996,Store_B,Electronics,19/11/2020,5,20,
61312,Store_A,Clothing,5/10/2019,3,50,500
13065,Store_B,Electronics,12/8/2020,1,10,-50
20467,Store C,Groceries,10/30/2020,5,50,-50
60646,store_a,Clothing,2/11/2020,3,100,200
31007,store_a,Eletronics,10/14/2019,1,20,200
78079,store_a,Home,5/7/2019,5,50,500
38702,Store C,Electronics,5/6/2020,10,10,100
85569,STORE_B,Electronics,29/10/2019,1,10,200
63952,Store_A,Eletronics,29/02/2020,1,20,500
68065,store_a,Eletronics,5/1/2020,-2,-5,200
44169,Store_B,Home,7/1/2019,3,50,200
26829,Store_A,Groceries,5/11/2019,,,200
70135,Store_B,Clothing,23/09/2019,-2,20,
14522,Store_A,Clothing,5/12/2020,,100,
95687,Store_A,Clothing,18/01/2020,5,50,-50
45319,Store_B,Groceries,5/12/2020,10,50,
36543,Store_B,Home,9/13/2020,3,20,500
40473,Store_A,Clothing,7/6/2019,1,-5,200
17699,store_a,Electronics,12/20/2019,,50,
78165,Store_B,Electronics,9/28/2019,3,50,200
50455,Store C,Electronics,15/11/2020,3,100,100
85692,Store C,Eletronics,3/7/2020,-2,-5,-50
27441,Store_A,Eletronics,8/1/2019,3,100,
40716,STORE_B,Groceries,4/16/2020,1,,200
72175,Store_A,Clothing,23/08/2020,-2,100,100
16834,Store_A,Eletronics,5/22/2020,2,,-50
28179,store_a,Electronics,2/24/2019,3,100,-50
36219,store_a,Eletronics,2/6/2019,2,,100
25782,STORE_B,Electronics,18/06/2019,,-5,
91363,STORE_B,Clothing,2/24/2019,10,100,
84967,STORE_B,Groceries,6/7/2020,-2,100,200
19496,STORE_B,Home,3/7/2019,,20,500
98867,STORE_B,Home,4/7/2020,-2,100,200
49238,Store_A,Electronics,11/27/2020,10,,200
56025,Store_A,Eletronics,12/16/2020,10,20,200
69886,Store C,Eletronics,18/05/2020,-2,,100
33563,Store C,Electronics,2/6/2020,,100,-50
13712,Store_B,Clothing,27/10/2019,5,100,-50
55489,Store_A,Electronics,1/1/2019,1,,500
42664,STORE_B,Clothing,15/09/2019,2,-5,
22420,Store_B,Groceries,7/31/2019,5,-5,200
64610,store_a,Groceries,26/04/2020,2,-5,100
15315,Store_A,Electronics,3/1/2020,-2,50,100
80917,Store C,Groceries,23/01/2019,1,20,200
85033,Store_A,Eletronics,11/2/2020,-2,20,100
89030,Store_A,Clothing,19/03/2020,3,-5,100
73910,Store_A,Home,3/11/2020,-2,100,200
70972,Store_A,Home,3/25/2019,,20,500
65919,store_a,Groceries,19/05/2020,5,,100
92486,Store C,Clothing,17/02/2019,-2,100,-50
91288,Store_A,Eletronics,13/04/2019,1,20,-50
14132,store_a,Home,4/5/2020,,10,-50
51598,Store_B,Eletronics,6/26/2019,5,20,200
30551,Store_A,Eletronics,11/8/2019,-2,-5,-50
78206,store_a,Home,27/03/2020,10,,
84900,STORE_B,Home,7/5/2019,-2,20,100
36296,Store_B,Groceries,24/08/2020,5,50,500
28066,Store C,Clothing,9/3/2019,3,-5,-50
38892,Store_A,Electronics,13/10/2019,3,50,200
85577,Store_A,Clothing,1/19/2020,2,100,500
84590,store_a,Electronics,1/12/2019,5,50,200
87173,Store C,Home,10/12/2019,-2,,500
86293,STORE_B,Eletronics,6/9/2019,10,10,500
74771,Store_B,Clothing,14/09/2019,-2,10,100
37484,Store C,Eletronics,10/27/2019,3,100,500
87865,Store_A,Clothing,19/06/2019,2,100,
37115,store_a,Clothing,29/12/2020,-2,50,
36038,STORE_B,Eletronics,23/10/2020,10,,
46622,store_a,Groceries,23/05/2019,10,50,200
45886,Store_B,Home,4/30/2020,-2,,100
61284,Store C,Groceries,3/11/2020,10,,200
19901,store_a,Groceries,16/03/2019,1,10,-50
66377,store_a,Clothing,21/12/2020,3,,
92910,Store_A,Home,6/30/2019,1,20,100
59862,store_a,Clothing,1/6/2019,1,,
42806,STORE_B,Electronics,26/05/2019,3,10,100
27659,Store C,Clothing,11/24/2020,5,-5,200
33453,Store_B,Eletronics,12/6/2019,,50,200
40498,store_a,Clothing,5/5/2020,2,,
80393,STORE_B,Electronics,5/9/2020,-2,20,500
26312,Store_B,Clothing,12/30/2020,,100,100
11436,STORE_B,Electronics,31/03/2020,,50,-50
37569,store_a,Home,3/31/2020,,100,500
68813,store_a,Clothing,20/01/2020,,20,200
83229,Store C,Electronics,4/15/2019,3,10,100
55986,Store_A,Home,12/19/2020,,-5,500
63177,STORE_B,Eletronics,3/14/2020,2,10,-50
19305,Store_A,Groceries,12/9/2020,-2,-5,500
42646,Store_A,Electronics,10/12/2020,5,50,-50
86126,Store_B,Eletronics,5/23/2020,3,,200
50430,Store_B,Home,9/8/2019,,,100
78659,STORE_B,Eletronics,22/08/2019,10,100,200
14158,Store_A,Clothing,28/04/2020,-2,10,100
84236,Store C,Groceries,2/16/2019,3,,500
86067,Store_A,Electronics,28/05/2019,5,-5,200
37738,Store_B,Home,27/06/2020,,,100
19879,Store_A,Groceries,14/10/2019,1,10,-50
15543,store_a,Home,13/02/2019,3,10,100
57924,store_a,Eletronics,3/6/2019,-2,20,200
52348,Store C,Home,3/5/2019,-2,100,200
94117,STORE_B,Home,11/16/2019,10,10,500
46679,Store_A,Eletronics,9/5/2019,-2,20,-50
89118,store_a,Eletronics,18/02/2019,3,10,100
53888,STORE_B,Groceries,7/8/2020,1,50,200
40276,store_a,Electronics,1/29/2019,3,-5,100
14799,STORE_B,Eletronics,3/12/2020,10,-5,
70558,STORE_B,Groceries,1/2/2019,5,50,-50
46534,store_a,Home,5/1/2019,10,50,-50
41668,Store_B,Home,6/12/2019,5,10,
14111,STORE_B,Clothing,10/12/2020,10,,-50
34686,Store_A,Eletronics,3/26/2020,2,,
82551,store_a,Groceries,9/24/2020,3,50,100
82392,Store_B,Groceries,2/1/2020,-2,100,
26490,store_a,Electronics,12/12/2019,3,-5,500
45194,Store C,Groceries,8/21/2019,1,20,
24497,Store_A,Eletronics,7/19/2019,2,50,100
63516,Store C,Groceries,11/4/2020,1,-5,-50
98730,STORE_B,Clothing,7/2/2020,3,20,500
54104,STORE_B,Home,25/07/2019,1,20,
15316,Store C,Home,4/7/2019,5,50,100
48130,Store C,Groceries,2/18/2019,2,,500
80229,STORE_B,Groceries,14/06/2019,-2,100,500
39954,Store_B,Groceries,6/5/2020,10,-5,500
31652,Store_A,Groceries,2/9/2019,5,50,
24178,store_a,Clothing,2/7/2019,,20,100
61163,Store C,Eletronics,21/03/2020,10,-5,100
24751,Store_A,Clothing,3/2/2020,1,10,100
75961,store_a,Clothing,7/6/2020,3,10,200
13044,store_a,Clothing,11/6/2020,5,-5,-50
73165,Store C,Home,8/2/2019,2,-5,100
21480,Store_B,Clothing,7/30/2019,10,20,200
75439,Store_B,Groceries,9/5/2020,,50,200
53874,Store_A,Clothing,3/8/2020,5,,500
76775,Store_A,Groceries,12/7/2020,-2,50,-50
16566,STORE_B,Eletronics,7/18/2020,-2,100,500
95311,Store_B,Home,5/27/2019,3,-5,-50
63149,Store_A,Eletronics,10/9/2019,2,10,500
13006,STORE_B,Eletronics,25/08/2020,2,20,
82561,store_a,Home,24/01/2019,10,,-50
29423,Store_A,Groceries,10/12/2019,5,50,200
43952,STORE_B,Groceries,5/9/2020,5,100,200
37326,Store_B,Groceries,2/13/2020,2,50,-50
41139,store_a,Home,9/30/2019,-2,100,500
72103,Store_A,Clothing,4/2/2020,1,50,
70857,Store_B,Electronics,17/02/2020,2,,
83638,store_a,Clothing,2/15/2019,3,,100
82652,Store C,Clothing,19/06/2020,5,20,-50
22937,Store_B,Eletronics,11/7/2019,-2,,
40161,Store C,Electronics,7/15/2020,10,100,500
14383,Store_A,Groceries,11/27/2019,5,20,500
95856,STORE_B,Clothing,1/11/2019,-2,,200
80043,Store_A,Home,26/06/2019,2,10,
24735,Store_B,Clothing,17/12/2020,3,100,
69919,Store C,Groceries,7/12/2019,1,20,500
92055,Store C,Clothing,31/10/2020,-2,100,200
77561,store_a,Eletronics,1/8/2019,-2,20,
95455,Store_A,Eletronics,10/9/2019,5,100,500
47622,Store_A,Clothing,24/10/2020,2,10,200
48135,Store_B,Eletronics,7/19/2020,,,200
45658,Store C,Home,9/30/2019,2,50,500
94677,Store_B,Electronics,29/07/2019,2,50,200
39696,Store_B,Clothing,19/06/2019,3,50,200
13773,Store C,Home,5/11/2019,2,20,100
34956,Store_B,Home,12/24/2020,-2,,200
25819,Store C,Home,9/25/2020,2,-5,
11528,Store_B,Groceries,4/24/2019,2,20,200
96491,STORE_B,Clothing,6/15/2020,5,20,
54588,Store_B,Clothing,23/09/2020,2,20,500
80585,Store_B,Clothing,10/11/2019,3,-5,200
30511,STORE_B,Electronics,2/2/2019,,20,500
20119,Store_A,Home,5/13/2019,5,,-50
85893,Store C,Clothing,8/7/2019,-2,50,200
26167,store_a,Eletronics,1/9/2019,,100,500
66503,STORE_B,Groceries,1/26/2019,2,20,-50
97789,Store_A,Electronics,18/10/2020,1,,
44889,Store_B,Groceries,8/23/2020,,10,
55678,Store_A,Home,20/01/2020,3,100,
70262,STORE_B,Eletronics,6/28/2020,1,20,
14681,Store_B,Home,14/06/2020,3,20,
90291,Store_A,Clothing,1/18/2019,-2,100,100
76008,store_a,Groceries,20/07/2020,1,100,500
23690,Store C,Eletronics,22/07/2019,2,20,-50
35912,Store C,Groceries,10/16/2019,1,,-50
16473,STORE_B,Electronics,16/11/2019,-2,10,200
51298,Store_B,Eletronics,27/03/2019,,,500
28669,Store_B,Electronics,27/12/2020,1,-5,100
91998,Store C,Eletronics,4/18/2019,3,50,100
30943,Store_A,Clothing,30/08/2019,2,50,500
48785,Store_B,Groceries,5/8/2019,3,50,
73427,store_a,Groceries,7/1/2019,2,20,
72001,store_a,Home,11/20/2019,,10,500
71724,Store_B,Eletronics,16/05/2019,10,10,-50
20832,Store_B,Eletronics,4/1/2019,5,-5,
15385,Store C,Electronics,3/3/2019,,20,200
24708,STORE_B,Eletronics,1/2/2020,-2,20,100
68600,Store C,Groceries,16/09/2020,,20,
33438,STORE_B,Eletronics,16/10/2020,5,10,-50
92747,store_a,Home,10/16/2019,3,20,
90107,STORE_B,Home,26/11/2019,,100,
70062,Store C,Groceries,2/10/2020,2,100,100
75428,Store_B,Groceries,10/6/2019,1,100,200
96843,STORE_B,Groceries,2/12/2019,,20,200
21002,Store C,Eletronics,23/02/2020,5,100,-50
46153,store_a,Eletronics,1/9/2019,,-5,500
32440,STORE_B,Clothing,28/02/2020,3,20,500
77501,store_a,Electronics,9/9/2020,3,-5,500
42556,store_a,Eletronics,7/3/2019,3,100,-50
77963,Store_A,Clothing,28/07/2020,2,20,
16563,STORE_B,Clothing,13/06/2019,-2,,200
89923,Store C,Home,12/12/2019,-2,50,200
15840,STORE_B,Eletronics,19/05/2019,,,
25154,STORE_B,Clothing,6/16/2020,3,50,200
34194,store_a,Home,31/10/2020,10,50,200
75020,store_a,Electronics,10/8/2020,1,100,500
56861,store_a,Home,15/05/2020,-2,50,500
32448,store_a,Electronics,26/09/2019,3,50,100
33528,Store C,Groceries,10/24/2020,-2,,100
39402,Store_B,Groceries,11/8/2019,2,50,200
14352,Store_A,Home,3/10/2019,1,20,500
10184,store_a,Groceries,30/12/2020,1,-5,100
20384,store_a,Eletronics,10/28/2019,5,-5,100
24319,Store_A,Home,1/27/2019,3,20,500
30449,store_a,Clothing,18/07/2019,3,100,100
66333,Store_B,Eletronics,10/15/2020,,,
51205,STORE_B,Home,7/6/2020,2,10,
20426,Store_A,Electronics,4/16/2019,10,-5,500
17504,Store C,Groceries,8/8/2020,,,500
66578,Store_A,Groceries,7/25/2020,10,-5,100
68209,Store_B,Groceries,20/03/2019,5,10,200
43368,Store C,Home,9/25/2020,-2,50,-50
62185,STORE_B,Eletronics,31/10/2019,-2,10,
90221,store_a,Electronics,19/07/2019,10,50,
18724,Store_A,Groceries,10/20/2020,-2,-5,500
15084,Store C,Eletronics,23/05/2020,2,,200
44810,Store_A,Clothing,4/6/2019,-2,,500
92277,STORE_B,Clothing,11/17/2019,5,100,100
92297,Store_A,Electronics,4/4/2020,3,-5,200
88872,Store C,Groceries,8/1/2020,10,100,100
30872,Store_B,Clothing,26/05/2019,2,-5,
88950,Store C,Eletronics,23/01/2019,2,50,500
80333,Store_A,Eletronics,6/9/2019,3,-5,500
78843,STORE_B,Clothing,4/8/2020,-2,-5,-50
12596,store_a,Groceries,24/09/2019,2,50,200
27167,store_a,Electronics,19/07/2020,5,20,
97844,STORE_B,Groceries,8/29/2019,5,20,-50
99751,Store_A,Home,24/07/2019,,-5,-50
87331,STORE_B,Clothing,21/08/2019,1,20,500
90520,Store_A,Home,16/08/2019,3,,200
68326,Store C,Clothing,14/05/2019,-2,-5,500
87670,Store_B,Electronics,4/4/2020,2,10,200
20782,Store_A,Groceries,10/11/2020,10,50,-50
52002,store_a,Groceries,11/23/2019,,100,100
97187,store_a,Clothing,14/05/2019,5,50,
34022,Store_B,Eletronics,6/12/2020,3,-5,-50
94458,Store_A,Home,19/07/2020,-2,10,500
24618,Store_B,Groceries,28/05/2019,3,50,
27245,Store C,Groceries,30/10/2020,-2,100,-50
93796,Store_B,Clothing,29/10/2020,5,100,200
20027,Store C,Eletronics,11/30/2019,1,10,500
23986,store_a,Home,23/10/2019,3,100,-50
13526,Store C,Eletronics,19/06/2020,2,,200
54361,Store_A,Eletronics,10/12/2019,10,100,200
77158,Store_A,Clothing,31/05/2019,10,10,200
48286,Store_A,Eletronics,12/16/2019,5,10,
39533,Store_A,Home,6/23/2019,3,50,500
28316,STORE_B,Electronics,4/26/2019,10,100,200
18699,Store C,Electronics,12/27/2019,3,100,-50
89491,Store_A,Home,9/10/2020,5,-5,200
68465,Store_B,Clothing,3/17/2019,1,-5,500
26673,Store_B,Groceries,25/01/2019,10,10,
33395,STORE_B,Clothing,9/1/2020,2,-5,200
33707,Store C,Home,5/6/2020,,50,-50
94749,Store C,Eletronics,3/13/2019,5,50,500
85937,Store C,Electronics,26/11/2020,,,200
96732,STORE_B,Eletronics,25/05/2020,1,,
66416,Store C,Clothing,3/27/2020,2,10,100
18758,Store C,Home,29/06/2019,,50,-50
77009,Store_A,Electronics,1/2/2020,2,50,200
23281,Store C,Home,5/4/2019,10,,200
42548,Store_A,Electronics,10/31/2020,3,-5,100
28371,Store_A,Electronics,27/08/2020,5,,500
87593,Store C,Electronics,13/08/2020,2,10,100
29644,Store_B,Clothing,13/11/2019,10,50,500
33874,store_a,Home,4/20/2019,1,10,200
98659,Store_B,Groceries,2/21/2019,-2,,100
24281,Store C,Groceries,5/8/2020,2,100,200
78787,Store C,Groceries,4/11/2020,1,,100
32289,Store_B,Home,5/7/2020,5,50,200
15054,Store C,Eletronics,8/9/2020,10,10,200
76846,Store_A,Home,28/03/2019,1,-5,200
59769,STORE_B,Electronics,22/09/2020,3,-5,
39312,Store C,Eletronics,25/02/2019,,50,100
14257,Store C,Electronics,7/9/2020,1,,
25846,Store_B,Electronics,17/07/2019,1,,200
32483,Store_A,Home,15/12/2020,10,20,-50
36558,Store_B,Groceries,9/16/2019,10,,500
53188,Store_B,Eletronics,3/6/2019,2,50,100
23012,Store C,Clothing,6/12/2019,,10,100
43236,Store_A,Groceries,1/4/2020,1,10,500
55076,Store C,Clothing,2/8/2019,1,20,
58402,Store C,Home,10/26/2020,10,-5,500
42076,Store C,Eletronics,11/16/2019,-2,50,-50
90337,Store C,Home,12/26/2019,3,,200
85164,STORE_B,Clothing,9/26/2019,-2,100,500
84264,store_a,Electronics,11/20/2019,10,10,500
27335,Store_A,Home,11/22/2019,3,50,200
53773,STORE_B,Eletronics,9/14/2019,,20,100
62158,store_a,Home,7/19/2019,-2,100,-50
38570,store_a,Groceries,31/12/2020,10,-5,500
97995,store_a,Home,9/1/2020,,50,500
50658,STORE_B,Clothing,1/2/2020,5,,100
69184,Store_A,Home,26/10/2020,1,-5,-50
82613,Store_B,Eletronics,23/06/2019,,10,200
68194,store_a,Home,6/13/2019,3,,200
77507,Store_B,Home,10/2/2020,5,20,
43959,Store_B,Eletronics,9/6/2020,3,10,-50
63072,Store C,Home,4/16/2019,2,100,-50
55588,Store_B,Eletronics,11/29/2020,2,10,500
50533,Store C,Clothing,12/30/2019,1,,
78582,Store_A,Eletronics,10/11/2019,5,-5,200
71743,Store_A,Clothing,10/21/2020,5,50,-50
54518,Store C,Clothing,26/02/2020,2,50,-50
22703,Store_A,Eletronics,11/29/2020,1,50,100
59456,store_a,Home,6/5/2020,,20,200
65491,Store_A,Groceries,16/01/2019,2,20,100
18043,Store C,Eletronics,18/08/2019,5,50,
78340,store_a,Home,13/12/2020,3,100,-50
20176,Store_B,Clothing,2/6/2020,-2,,
13936,Store_B,Electronics,18/07/2019,5,100,100
41174,Store_B,Groceries,7/28/2019,1,50,200
92632,Store C,Home,21/06/2020,5,,-50
98768,Store_B,Groceries,3/8/2020,10,20,200
35909,Store_A,Electronics,25/12/2019,5,10,
54158,Store_B,Electronics,21/03/2020,10,10,500
18366,STORE_B,Electronics,5/5/2020,2,,200
95125,STORE_B,Eletronics,28/12/2020,,100,200
64337,Store_B,Groceries,12/3/2020,10,,200
69331,Store_B,Eletronics,25/05/2020,5,100,-50
72197,STORE_B,Electronics,22/12/2020,,-5,
82042,Store_B,Home,5/16/2020,-2,100,
60924,store_a,Electronics,10/27/2020,,10,-50
38842,STORE_B,Eletronics,8/9/2019,5,20,200
27458,Store C,Electronics,3/10/2020,5,50,200
97367,STORE_B,Electronics,10/7/2019,-2,20,500
75382,Store_A,Eletronics,20/01/2020,1,50,200
84319,store_a,Eletronics,6/7/2020,2,-5,100
21170,Store C,Home,7/3/2020,10,10,200
90145,Store_B,Eletronics,10/28/2020,3,50,500
54942,Store_A,Home,12/11/2019,10,-5,100
98571,Store_A,Clothing,10/12/2020,5,100,500
26208,store_a,Clothing,1/1/2019,3,,500
45178,Store C,Eletronics,12/14/2019,3,50,
89172,Store_A,Electronics,13/06/2020,10,20,-50
19039,Store C,Groceries,3/2/2019,-2,10,500
24990,Store C,Electronics,22/07/2019,10,10,200
16441,Store_A,Eletronics,7/2/2019,10,-5,
84221,Store C,Home,5/22/2020,10,,100
89314,store_a,Electronics,7/17/2019,-2,100,-50
55959,Store_A,Clothing,20/02/2020,-2,100,
36862,store_a,Eletronics,1/16/2020,2,10,500
37273,store_a,Electronics,4/4/2019,1,100,
52500,Store C,Electronics,26/10/2019,1,-5,200
13956,Store C,Home,19/08/2020,10,,200
82089,Store_A,Home,7/11/2019,1,10,200
98789,Store_B,Home,30/10/2020,10,100,-50
99451,Store_A,Groceries,6/8/2020,10,50,
12365,store_a,Eletronics,25/11/2019,10,50,
82204,Store C,Eletronics,29/12/2019,,-5,500
15000,store_a,Clothing,10/16/2019,2,100,100
67072,STORE_B,Clothing,4/15/2019,5,50,200
62499,STORE_B,Eletronics,11/9/2019,1,,100
79211,store_a,Electronics,14/12/2019,1,20,100
22907,Store_B,Eletronics,4/2/2020,2,,200
27336,Store_B,Groceries,11/3/2019,2,-5,200
95220,Store_A,Clothing,31/03/2019,10,,500
62331,Store_A,Clothing,2/5/2019,10,100,-50
90672,Store_A,Clothing,1/3/2020,,,200
87755,Store C,Eletronics,5/6/2019,,100,100
78783,Store_B,Clothing,14/11/2019,5,10,500
79951,store_a,Clothing,26/11/2019,1,100,
62509,STORE_B,Eletronics,8/11/2019,2,-5,500
16472,Store_B,Electronics,2/4/2019,5,100,200
32380,Store_B,Clothing,17/10/2020,1,10,200
37280,Store_B,Clothing,11/12/2020,5,20,-50
31859,Store_A,Clothing,23/12/2020,5,-5,500
58402,Store C,Groceries,4/11/2020,-2,10,200
18262,store_a,Eletronics,15/06/2019,10,100,100
21066,Store_A,Clothing,7/18/2019,5,-5,100
25554,Store C,Groceries,6/2/2019,10,50,500
17008,Store_B,Electronics,18/05/2020,1,100,-50
97851,Store C,Electronics,8/29/2019,,10,500
90799,Store_A,Groceries,7/4/2020,1,100,-50
26238,Store_B,Electronics,10/21/2019,10,10,100
92025,Store_A,Home,10/7/2019,,,200
27153,store_a,Electronics,30/08/2020,-2,20,
69353,Store_B,Home,24/02/2020,3,20,200
62092,Store C,Groceries,4/12/2020,,-5,100
53152,Store_A,Home,1/2/2020,5,10,100
59104,STORE_B,Electronics,10/11/2019,1,20,200
34283,Store C,Clothing,11/12/2019,-2,50,200
56429,Store C,Home,27/01/2019,5,-5,100
87223,Store_B,Electronics,18/01/2020,-2,50,200
98534,Store C,Clothing,27/11/2020,,20,
64957,Store_A,Groceries,3/26/2020,3,10,
38887,STORE_B,Groceries,16/02/2019,5,-5,500
56172,store_a,Eletronics,26/06/2019,3,50,
14355,STORE_B,Groceries,18/03/2020,2,20,100
43701,Store_A,Eletronics,3/21/2020,3,100,100
51534,Store_B,Groceries,14/08/2019,1,50,500
81442,Store_A,Groceries,3/21/2019,,,-50
71274,Store C,Groceries,6/11/2019,10,-5,500
88108,Store_B,Eletronics,5/18/2019,10,50,-50
22279,store_a,Eletronics,10/13/2020,5,-5,-50
53491,store_a,Home,30/04/2019,,20,200
86147,Store_A,Electronics,7/5/2020,-2,20,
18261,Store C,Electronics,3/15/2019,2,-5,-50
14474,store_a,Electronics,2/1/2020,5,20,200
38390,STORE_B,Groceries,2/19/2019,3,10,500
36925,Store_B,Electronics,30/10/2019,10,-5,500
92174,STORE_B,Eletronics,31/01/2020,3,10,-50
69051,store_a,Home,1/23/2020,10,-5,200
99007,store_a,Clothing,1/20/2020,10,100,100
14787,Store_A,Home,10/26/2019,10,100,
83398,Store_A,Electronics,12/5/2019,,50,-50
68177,Store_B,Electronics,12/11/2020,-2,20,100
53724,Store_A,Eletronics,4/18/2020,-2,100,
20663,Store C,Home,9/7/2020,-2,20,100
26120,Store_B,Eletronics,19/08/2019,1,50,200
32740,Store C,Eletronics,2/3/2019,,10,-50
12035,Store_A,Clothing,10/3/2020,3,100,100
67443,Store_B,Eletronics,7/4/2020,-2,,100
77388,store_a,Eletronics,1/13/2019,,,100
62335,STORE_B,Clothing,3/24/2020,-2,,-50
53315,store_a,Groceries,6/23/2019,5,,200
74165,Store C,Groceries,29/02/2020,2,,200
56627,store_a,Clothing,8/17/2020,5,,100
18303,store_a,Eletronics,20/07/2019,,,200
59334,STORE_B,Electronics,9/26/2019,3,100,
65892,STORE_B,Home,27/06/2020,2,,200
71196,store_a,Electronics,24/10/2020,5,-5,100
75700,STORE_B,Electronics,9/9/2020,2,-5,
49726,store_a,Eletronics,11/2/2019,3,,-50
85751,Store_B,Home,14/05/2019,10,50,500
59606,store_a,Home,6/9/2020,3,100,200
40694,Store_A,Groceries,6/6/2019,-2,-5,
41253,STORE_B,Clothing,11/2/2020,1,50,500
34230,STORE_B,Eletronics,6/27/2019,2,20,-50
63974,Store C,Home,9/16/2019,3,,500
73545,Store C,Eletronics,9/17/2019,10,10,-50
26925,Store_A,Groceries,3/3/2020,10,,100
16033,STORE_B,Electronics,10/4/2020,3,,100
72461,STORE_B,Home,3/22/2019,5,50,-50
12665,Store C,Groceries,21/10/2020,3,20,500
37025,Store C,Eletronics,18/12/2019,10,50,200
33533,store_a,Groceries,2/1/2020,3,100,500
55897,STORE_B,Groceries,15/06/2020,1,20,500
87661,STORE_B,Groceries,5/9/2019,5,-5,200
30998,store_a,Groceries,2/16/2020,3,20,500
71248,STORE_B,Groceries,11/11/2019,10,20,500
33057,Store_A,Groceries,28/10/2020,3,50,
89244,Store C,Clothing,30/12/2020,-2,,-50
93608,Store C,Eletronics,6/3/2020,3,,100
80631,Store C,Electronics,3/30/2020,2,,-50
77173,Store_B,Eletronics,9/6/2020,3,,500
90206,Store_A,Home,17/06/2019,1,,200
48734,Store_A,Home,21/06/2019,10,100,200
72072,store_a,Eletronics,29/10/2019,,10,100
74175,Store_B,Groceries,8/20/2019,2,-5,100
73783,STORE_B,Clothing,9/2/2020,,20,100
80739,Store_A,Electronics,12/30/2020,3,10,200
97054,Store_B,Groceries,22/08/2019,-2,100,500
61042,Store_B,Eletronics,20/11/2020,5,,100
62357,Store_A,Eletronics,31/05/2019,1,100,100
18669,store_a,Clothing,11/14/2019,1,-5,200
77902,Store_B,Clothing,6/5/2020,-2,-5,500
28910,Store C,Eletronics,15/01/2020,1,100,100
66959,Store_B,Groceries,12/16/2020,-2,10,500
10366,STORE_B,Groceries,2/9/2020,2,20,
58415,Store_A,Groceries,17/09/2020,-2,50,100
19907,STORE_B,Electronics,14/10/2020,-2,50,100
42780,store_a,Electronics,17/06/2020,3,-5,200
67879,Store C,Groceries,15/12/2019,1,20,
95159,Store_A,Eletronics,7/2/2020,3,,
45085,Store_B,Clothing,8/12/2019,5,100,
75499,Store C,Home,5/11/2019,-2,,-50
30426,Store_B,Clothing,1/1/2020,3,-5,200
58197,store_a,Clothing,2/6/2019,,100,200
17485,Store_A,Home,7/21/2019,3,50,100
59527,store_a,Groceries,4/3/2019,3,-5,200
74600,store_a,Clothing,22/11/2019,-2,-5,100
91439,store_a,Home,2/23/2020,10,20,100
78748,store_a,Eletronics,10/5/2020,,10,-50
68528,Store_B,Eletronics,7/4/2020,2,-5,200
37799,STORE_B,Eletronics,9/17/2020,-2,10,200
56339,Store_B,Groceries,24/04/2019,3,20,-50
26087,Store C,Clothing,31/05/2019,1,-5,-50
17446,store_a,Clothing,12/20/2020,-2,-5,200
60460,Store C,Electronics,27/08/2020,10,50,200
68260,Store_B,Eletronics,1/8/2019,3,100,100
24877,store_a,Groceries,1/29/2020,10,10,500
34723,Store_B,Home,19/03/2019,2,50,100
22943,store_a,Groceries,21/05/2019,-2,-5,
20306,Store_B,Clothing,18/05/2020,10,20,
46784,Store_A,Eletronics,16/05/2019,1,,500
30455,STORE_B,Electronics,7/24/2020,3,50,-50
81448,STORE_B,Groceries,24/03/2020,1,50,
39974,store_a,Electronics,9/25/2020,-2,,-50
37371,Store_A,Clothing,9/23/2020,-2,-5,-50
13936,Store C,Home,19/03/2019,5,50,100
43166,Store_A,Groceries,11/18/2019,10,10,-50
35727,store_a,Clothing,28/12/2020,10,-5,500
73969,Store_A,Eletronics,7/27/2020,10,10,100
38368,Store C,Groceries,29/11/2019,,10,500
78531,store_a,Electronics,29/11/2019,-2,50,-50
49097,STORE_B,Groceries,19/05/2019,-2,-5,
44984,Store_A,Clothing,27/04/2020,2,50,-50
60859,STORE_B,Clothing,15/01/2019,,50,500
54291,STORE_B,Electronics,4/11/2019,1,-5,200
75228,Store_B,Clothing,21/02/2020,-2,-5,200
32150,Store C,Groceries,26/07/2020,5,-5,
32061,Store_A,Electronics,25/07/2019,2,-5,500
39178,STORE_B,Clothing,16/08/2019,2,20,
66790,STORE_B,Clothing,2/17/2019,3,-5,100
75696,Store C,Groceries,7/8/2019,-2,,-50
25648,STORE_B,Clothing,10/31/2019,5,-5,100
71779,STORE_B,Groceries,2/2/2020,-2,50,200
46672,STORE_B,Eletronics,1/4/2020,10,,-50
79109,STORE_B,Groceries,4/4/2020,,100,100
70521,Store_B,Home,9/4/2019,10,10,200
44593,Store_B,Clothing,9/21/2019,-2,20,100
23786,store_a,Eletronics,13/05/2020,3,,-50
19815,Store_A,Electronics,6/13/2020,,10,100
31966,Store C,Home,18/10/2020,10,20,-50
23794,store_a,Electronics,19/01/2019,1,-5,100
41423,Store_B,Home,24/09/2020,10,10,
31302,Store_B,Eletronics,2/11/2020,-2,50,100
71064,Store_B,Eletronics,3/28/2020,,50,100
96800,store_a,Eletronics,24/03/2019,1,-5,
95140,Store_B,Home,7/31/2020,3,10,200
37835,store_a,Groceries,22/08/2019,3,-5,-50
83356,Store_B,Electronics,18/03/2020,1,-5,500
59282,STORE_B,Groceries,30/04/2020,,20,200
62714,STORE_B,Groceries,5/27/2019,,10,-50
77035,Store_A,Clothing,2/10/2020,10,100,100
33814,Store_B,Electronics,7/2/2019,3,-5,200
34089,Store_A,Home,3/2/2020,3,20,100
83162,store_a,Clothing,8/24/2019,1,20,200
65831,Store_A,Clothing,9/29/2020,3,10,200
42746,Store_B,Eletronics,15/08/2019,-2,,500
91673,store_a,Home,6/28/2019,10,-5,
61940,store_a,Groceries,3/7/2020,3,-5,200
96796,STORE_B,Groceries,24/11/2020,1,10,100
46476,store_a,Groceries,6/8/2020,10,,500
36283,store_a,Eletronics,12/1/2019,5,20,200
11769,Store_A,Groceries,11/19/2019,1,50,
52278,store_a,Electronics,7/7/2020,5,-5,100
56994,Store C,Groceries,2/3/2020,3,50,500
72898,STORE_B,Groceries,12/3/2019,10,-5,-50
25634,STORE_B,Electronics,15/08/2020,3,10,
20965,store_a,Eletronics,4/29/2019,10,-5,-50
37566,Store_A,Clothing,2/17/2020,2,,-50
62196,STORE_B,Home,8/2/2020,3,-5,500
58285,STORE_B,Eletronics,7/11/2020,3,10,500
65499,Store C,Groceries,11/1/2019,3,100,500
29420,store_a,Clothing,7/15/2019,,10,-50
35236,STORE_B,Home,11/29/2019,1,10,100
16218,STORE_B,Home,9/11/2019,,10,500
59892,STORE_B,Home,9/14/2020,10,10,
84031,STORE_B,Electronics,10/19/2020,10,,500
74057,Store_A,Electronics,12/4/2020,10,-5,500
88609,Store_B,Clothing,26/12/2020,1,,500
86907,Store C,Groceries,1/6/2019,10,,-50
93130,Store_A,Clothing,19/12/2020,,100,100
21226,Store C,Groceries,5/6/2020,-2,100,500
62271,STORE_B,Eletronics,6/7/2020,,-5,-50
20046,Store C,Home,8/5/2019,-2,-5,
47117,store_a,Home,16/09/2019,3,10,100
14965,store_a,Electronics,1/10/2020,5,,-50
69478,Store_B,Eletronics,2/5/2019,-2,100,200
88872,Store_B,Eletronics,14/02/2019,2,50,
67277,Store C,Groceries,1/28/2019,10,10,
95379,Store_A,Eletronics,26/10/2020,1,20,200
69613,Store_A,Electronics,3/27/2019,-2,,-50
27373,STORE_B,Groceries,7/7/2019,1,10,-50
55452,Store_A,Clothing,11/1/2019,10,-5,
60089,Store_B,Groceries,4/2/2019,5,10,-50
16654,Store_A,Clothing,15/12/2020,,20,200
41280,STORE_B,Groceries,3/21/2019,10,-5,-50
66141,store_a,Home,7/5/2019,1,50,
97943,Store_A,Clothing,25/10/2019,2,100,-50
77894,Store_A,Electronics,7/11/2020,5,100,100
36583,Store_B,Clothing,5/23/2020,10,20,200
16360,Store C,Clothing,28/08/2019,-2,20,200
63968,store_a,Groceries,22/10/2019,2,100,500
13743,Store C,Home,8/5/2019,10,50,-50
17159,STORE_B,Groceries,9/14/2019,5,50,200
42151,STORE_B,Groceries,17/12/2020,1,10,-50
10518,Store C,Home,11/20/2019,,20,100
26652,Store_B,Groceries,7/16/2019,-2,20,
88461,Store_B,Home,5/18/2020,,20,
81011,Store_B,Electronics,18/07/2020,5,-5,500
52348,store_a,Home,11/24/2020,3,100,500
85422,STORE_B,Eletronics,16/08/2019,,100,200
87001,STORE_B,Home,1/18/2019,10,100,200
86757,STORE_B,Home,4/17/2019,2,50,200
34395,store_a,Eletronics,5/5/2019,2,100,100
12335,STORE_B,Home,4/27/2020,-2,10,500
80112,Store C,Clothing,24/10/2019,,-5,500
10500,Store_A,Groceries,9/18/2020,5,100,
18083,store_a,Groceries,12/17/2019,-2,-5,500
91256,Store_A,Electronics,12/17/2019,5,-5,500
15543,Store C,Electronics,10/10/2020,5,50,100
78812,Store_B,Eletronics,19/06/2019,2,20,200
62237,Store_B,Clothing,8/16/2019,1,-5,100
99716,Store_B,Electronics,1/16/2019,2,10,-50
16613,store_a,Groceries,2/29/2020,1,50,
76863,Store_B,Electronics,4/8/2020,-2,,
50540,store_a,Electronics,12/24/2020,-2,-5,
86202,store_a,Home,22/06/2020,-2,-5,200
36255,Store_A,Electronics,4/3/2019,5,20,200
95666,Store_B,Eletronics,6/26/2019,3,100,200
32068,STORE_B,Groceries,6/26/2020,2,50,
59057,Store_B,Eletronics,5/23/2020,5,,
28946,Store_B,Eletronics,7/17/2020,2,50,
30547,Store_B,Clothing,8/21/2019,5,100,-50
95237,STORE_B,Home,27/11/2019,2,50,-50
15769,STORE_B,Eletronics,5/5/2020,10,,
34883,store_a,Clothing,13/10/2019,2,50,200
71340,STORE_B,Groceries,3/19/2020,10,10,200
89199,store_a,Groceries,1/20/2019,1,10,-50
45162,Store_A,Clothing,4/21/2019,2,100,-50
98388,store_a,Eletronics,5/1/2020,1,,
95924,Store_B,Eletronics,3/30/2019,3,,
43434,Store C,Home,3/9/2020,,,200
32102,Store C,Home,15/02/2020,,,500
31536,Store_B,Groceries,3/9/2020,10,,200
87891,store_a,Home,15/06/2020,2,20,200
77770,Store_B,Clothing,3/13/2019,,50,
60388,STORE_B,Groceries,1/4/2019,1,-5,500
60775,store_a,Eletronics,22/11/2020,,,500
41147,Store_B,Groceries,26/03/2019,,-5,
60526,STORE_B,Electronics,2/8/2020,5,10,100
33659,STORE_B,Groceries,9/8/2019,,-5,
92096,store_a,Home,18/05/2019,1,-5,-50
33088,Store_A,Clothing,2/5/2020,,50,500
78464,Store_A,Eletronics,17/05/2019,2,-5,
69998,STORE_B,Eletronics,29/05/2020,,100,200
50382,Store_A,Home,19/04/2020,3,100,200
38184,STORE_B,Home,14/06/2019,,,200
30099,Store_A,Home,9/13/2019,10,20,
79810,STORE_B,Electronics,16/01/2020,5,20,100
47739,STORE_B,Clothing,22/05/2019,-2,50,-50
18389,STORE_B,Electronics,5/6/2020,1,20,200
27352,STORE_B,Home,12/2/2019,,-5,
31148,Store C,Clothing,30/11/2020,,100,100
41828,Store_A,Home,9/24/2020,2,,500
78040,STORE_B,Clothing,4/8/2020,-2,10,500
66795,Store_B,Eletronics,12/28/2019,2,-5,-50
68620,store_a,Electronics,19/11/2019,10,100,
67114,Store_B,Home,7/7/2019,-2,100,
50711,Store_B,Home,12/6/2019,5,50,200
27748,Store C,Groceries,9/28/2020,1,-5,100
98636,Store_A,Eletronics,30/05/2020,1,20,-50
43691,Store C,Home,16/01/2019,1,10,100
98517,Store_A,Electronics,21/02/2020,10,10,-50
75282,STORE_B,Eletronics,11/13/2020,10,20,
70360,Store C,Home,29/09/2019,,,
20246,store_a,Electronics,3/10/2019,5,20,-50
69395,Store_A,Groceries,11/23/2020,1,,100
42486,Store C,Groceries,8/3/2019,1,10,500
40340,store_a,Electronics,4/28/2019,,-5,500
94874,Store_B,Eletronics,8/15/2019,5,50,200
60300,STORE_B,Electronics,9/6/2019,-2,100,200
13086,STORE_B,Electronics,3/19/2020,5,-5,100
24860,Store_B,Groceries,7/2/2020,5,10,
27013,Store C,Groceries,8/4/2019,2,10,100
17407,Store_B,Groceries,30/12/2020,5,10,-50
43542,store_a,Home,1/12/2019,3,100,500
34935,Store_A,Home,19/02/2020,10,,200
59079,Store C,Clothing,5/3/2020,5,50,100
44111,Store_A,Home,27/06/2020,2,-5,100
66550,Store_B,Eletronics,8/1/2020,-2,-5,-50
85697,STORE_B,Eletronics,26/07/2020,3,50,
99117,Store_A,Groceries,11/1/2019,2,50,
96936,Store_A,Electronics,21/09/2020,2,,500
86955,STORE_B,Groceries,6/17/2019,,-5,200
50565,Store_A,Electronics,18/08/2019,2,20,
29283,Store_A,Groceries,12/9/2020,2,20,
76470,STORE_B,Groceries,22/06/2020,1,50,
96916,STORE_B,Eletronics,16/08/2020,10,10,100
89552,Store_B,Electronics,7/19/2019,,10,
48233,Store_B,Clothing,13/05/2019,,100,-50
32695,Store_A,Clothing,23/01/2019,1,20,500
52734,Store C,Groceries,2/11/2019,3,10,
91257,Store_B,Groceries,20/10/2020,1,50,200
11505,Store_B,Eletronics,12/2/2019,,100,100
15363,Store C,Electronics,4/7/2019,3,20,-50
58708,Store C,Groceries,3/12/2019,,100,500
53614,STORE_B,Clothing,19/09/2019,5,10,100
11010,Store_B,Electronics,12/23/2019,3,50,-50
29861,store_a,Groceries,22/03/2019,,50,100
34125,store_a,Electronics,6/27/2020,1,50,500
19369,Store_A,Eletronics,26/06/2020,,10,500
79393,Store_B,Clothing,9/11/2019,1,,
36671,store_a,Electronics,19/04/2020,3,-5,200
85400,Store_B,Clothing,14/09/2019,1,-5,
74512,Store_B,Groceries,3/4/2020,3,50,100
85656,store_a,Home,1/4/2019,2,-5,
95759,Store_B,Electronics,5/25/2019,10,,500
54138,Store C,Clothing,6/14/2019,-2,50,500
63420,Store_A,Electronics,12/10/2019,3,,500
78089,STORE_B,Groceries,2/2/2020,-2,20,
25489,store_a,Groceries,29/08/2020,-2,-5,-50
69789,STORE_B,Clothing,6/4/2020,2,20,
79925,Store_A,Eletronics,6/3/2020,2,50,
59703,Store C,Electronics,14/07/2019,2,100,
97486,Store C,Electronics,29/12/2020,-2,100,
86625,Store C,Groceries,8/31/2020,2,10,500
68228,Store C,Electronics,5/26/2020,3,20,200
13051,store_a,Clothing,2/13/2020,-2,20,
48090,store_a,Home,3/11/2020,-2,100,
38805,Store_B,Groceries,30/08/2020,1,50,200
54557,Store_B,Home,6/25/2020,2,10,
12555,Store_A,Electronics,9/4/2020,5,20,200
60241,Store_B,Eletronics,18/06/2019,2,10,500
88303,Store_A,Clothing,22/12/2019,1,20,-50
75994,Store_A,Electronics,21/11/2019,1,,
26066,Store_A,Clothing,18/05/2020,10,,-50
14721,Store C,Electronics,7/16/2020,10,10,
87982,STORE_B,Electronics,7/28/2020,-2,100,100
16304,STORE_B,Electronics,8/1/2020,2,100,100
52967,store_a,Groceries,18/10/2019,2,20,500
88763,Store_A,Home,12/9/2019,,-5,-50
50462,Store C,Eletronics,8/6/2020,-2,,-50
81834,Store_B,Home,9/4/2020,,,200
60155,Store_B,Home,5/9/2019,10,10,200
85842,store_a,Clothing,8/11/2019,2,-5,
12589,store_a,Groceries,12/23/2019,,10,200
47078,Store_A,Groceries,12/12/2020,5,100,200
64918,Store_A,Electronics,16/08/2019,3,100,-50
23601,Store_B,Home,3/22/2019,10,-5,100
17711,Store_B,Eletronics,10/27/2020,10,-5,-50
96900,Store_B,Clothing,19/02/2019,1,100,200
69430,Store_B,Groceries,15/02/2020,2,50,
73327,STORE_B,Electronics,1/3/2019,10,,100
13970,Store_A,Eletronics,5/6/2020,10,,200
79535,Store_A,Home,8/13/2019,,10,200
96570,Store_B,Eletronics,13/09/2019,5,,
46176,Store C,Groceries,2/23/2020,-2,10,
51730,Store_B,Clothing,18/02/2019,2,-5,200
92168,store_a,Home,5/17/2019,3,-5,200
23385,Store C,Clothing,8/14/2019,5,50,-50
15950,store_a,Eletronics,18/09/2020,3,-5,500
83511,Store C,Eletronics,5/6/2020,1,100,
63009,store_a,Electronics,11/19/2019,10,50,
96850,Store_B,Home,5/2/2020,,100,-50
33398,Store_B,Eletronics,22/03/2019,5,100,100
35277,Store C,Groceries,3/20/2020,3,10,100
36761,store_a,Groceries,1/7/2019,2,100,100
74435,STORE_B,Clothing,5/8/2019,1,50,
73944,Store C,Groceries,7/10/2020,-2,20,500
41533,Store C,Eletronics,9/24/2019,1,-5,500
82502,Store_A,Groceries,11/15/2020,10,10,-50
82123,Store C,Home,16/07/2019,10,-5,100
32880,STORE_B,Clothing,8/2/2019,3,100,100
80627,Store_B,Home,9/4/2019,3,100,200
51753,store_a,Eletronics,28/10/2020,1,,-50
92597,Store_A,Eletronics,2/25/2020,3,10,-50
97829,store_a,Groceries,30/11/2019,10,10,
11561,Store_B,Electronics,12/17/2020,1,50,
63205,Store C,Electronics,2/10/2020,1,20,-50
69810,STORE_B,Eletronics,5/23/2019,-2,50,500
74482,Store_A,Eletronics,5/21/2019,2,50,-50
79192,STORE_B,Clothing,7/18/2020,2,50,500
97154,STORE_B,Eletronics,4/17/2019,3,20,
96066,STORE_B,Eletronics,2/2/2019,3,50,-50
97408,STORE_B,Clothing,7/5/2020,10,-5,500
38330,Store_B,Home,4/29/2019,10,10,200
26139,STORE_B,Home,8/17/2019,2,20,200
42977,STORE_B,Clothing,11/18/2020,1,100,-50
14983,Store_B,Clothing,22/04/2020,5,,100
49909,store_a,Home,9/4/2019,,,-50
74480,Store_B,Home,7/10/2019,,-5,
59029,Store C,Home,29/04/2019,-2,10,
31329,Store_B,Home,22/05/2020,5,,200
46734,store_a,Groceries,2/1/2019,-2,-5,500
52837,Store C,Clothing,27/02/2020,3,-5,200
84354,Store C,Electronics,24/04/2019,,,500
86454,Store_A,Groceries,9/29/2019,-2,,-50
76786,STORE_B,Electronics,9/26/2020,,-5,100
14758,Store C,Electronics,28/10/2019,5,-5,
77699,Store C,Eletronics,2/7/2020,-2,100,-50
92673,store_a,Clothing,16/07/2019,5,,200
31832,Store C,Groceries,9/18/2020,2,50,-50
11868,store_a,Clothing,23/10/2020,1,-5,100
60665,STORE_B,Home,9/8/2020,10,10,500
51862,Store_A,Clothing,7/9/2019,2,10,100
29728,Store_A,Electronics,6/20/2020,,-5,200
49857,STORE_B,Home,12/12/2019,10,10,100
38183,STORE_B,Clothing,9/4/2019,2,100,
98321,Store_B,Clothing,12/3/2019,2,100,100
28940,Store C,Electronics,27/07/2020,5,-5,-50
15280,Store C,Home,2/2/2019,10,,500
12164,Store C,Electronics,9/3/2019,2,50,
89624,store_a,Clothing,7/1/2020,5,,
28405,Store_B,Groceries,27/09/2020,3,10,
12821,Store C,Groceries,9/6/2019,10,50,200
65090,store_a,Eletronics,15/06/2020,-2,10,200
32516,store_a,Groceries,12/29/2020,2,50,-50
20473,Store_A,Home,14/04/2020,,-5,500
56454,store_a,Eletronics,2/13/2019,3,20,100
52530,STORE_B,Home,10/31/2019,5,100,-50
87714,store_a,Groceries,9/26/2019,2,100,200
92633,STORE_B,Groceries,11/13/2020,,-5,-50
89632,STORE_B,Clothing,2/4/2020,5,10,500
79081,Store_A,Home,8/25/2020,5,10,-50
34798,Store_A,Electronics,10/7/2019,-2,20,
10863,store_a,Clothing,28/08/2019,,,100
26148,Store_A,Home,3/6/2020,5,50,200
96545,Store_A,Eletronics,2/25/2020,10,-5,200
64459,Store C,Home,5/11/2019,-2,20,500
93345,store_a,Eletronics,3/12/2020,3,-5,500
94224,store_a,Eletronics,1/6/2020,-2,20,500
76189,store_a,Groceries,11/3/2020,3,10,200
18129,Store_A,Electronics,7/31/2020,1,10,
33118,Store_A,Home,6/23/2020,-2,,100
10443,STORE_B,Electronics,5/5/2019,-2,-5,500
37041,Store_B,Eletronics,19/05/2020,2,-5,200
99379,Store_B,Groceries,22/07/2019,-2,,
31053,Store_B,Electronics,21/12/2020,5,10,500
47204,Store C,Clothing,30/12/2020,2,100,500
52240,Store_A,Eletronics,8/14/2020,3,,100
71102,STORE_B,Clothing,14/06/2020,3,20,100
18291,STORE_B,Electronics,10/5/2020,5,10,-50
26285,Store_B,Electronics,11/24/2019,10,-5,500
71589,Store C,Electronics,22/03/2019,,-5,-50
23944,Store C,Home,16/02/2020,5,50,200
98876,Store_B,Eletronics,2/15/2019,5,50,100
64391,Store_B,Eletronics,3/25/2019,1,100,
11607,Store_A,Eletronics,4/3/2019,,-5,500
12953,Store C,Home,12/18/2019,-2,10,500
54941,STORE_B,Electronics,2/11/2019,10,-5,-50
81469,Store_B,Electronics,9/28/2020,2,-5,100
86922,Store_A,Clothing,9/4/2020,,20,-50
71683,STORE_B,Home,8/22/2019,10,100,500
80218,Store C,Groceries,18/04/2020,5,20,100
21154,Store_B,Home,10/12/2019,5,50,500
19047,Store_B,Clothing,19/02/2019,5,20,100
98529,Store_A,Clothing,11/11/2020,5,50,500
85874,Store_A,Clothing,18/11/2020,5,,
24323,Store C,Electronics,21/07/2019,,50,-50
47693,Store_B,Groceries,22/12/2020,-2,-5,100
68730,Store_A,Clothing,20/07/2020,,50,-50
99170,Store_B,Eletronics,10/5/2019,-2,-5,100
36292,Store C,Electronics,14/05/2020,,100,100
55111,Store_B,Groceries,5/28/2019,10,-5,100
85453,STORE_B,Eletronics,10/27/2019,5,-5,500
85681,Store_B,Groceries,7/2/2020,3,-5,200
49491,store_a,Groceries,4/9/2019,,100,500
59336,store_a,Eletronics,1/18/2020,3,10,200
26905,Store C,Home,10/3/2019,1,10,500
40273,Store C,Groceries,6/17/2020,2,50,200
36234,Store C,Home,9/6/2020,,,100
88885,STORE_B,Groceries,26/02/2020,3,10,100
76538,STORE_B,Eletronics,7/23/2020,1,50,200
42573,Store_B,Groceries,19/07/2019,10,100,200
74320,Store_A,Clothing,8/25/2019,2,10,-50
21330,store_a,Clothing,23/08/2019,-2,10,100
90516,store_a,Groceries,12/1/2020,5,-5,500
82553,store_a,Eletronics,23/01/2019,,-5,-50
51353,Store_B,Eletronics,7/28/2020,,50,200
26011,Store_B,Electronics,17/06/2020,5,-5,500
93537,Store C,Eletronics,14/08/2019,-2,50,
70985,Store_A,Home,13/10/2019,10,20,
27044,Store C,Groceries,9/2/2019,2,20,
48292,Store_B,Clothing,8/11/2019,,,500
15250,STORE_B,Eletronics,27/01/2020,3,10,200
33289,Store C,Clothing,7/10/2020,-2,20,500
43087,Store_B,Electronics,29/06/2019,2,50,-50
85952,Store_B,Groceries,9/30/2019,1,-5,-50
46368,STORE_B,Eletronics,22/11/2020,-2,-5,
80815,STORE_B,Clothing,3/5/2020,,10,200
71040,STORE_B,Eletronics,6/6/2020,10,20,-50
68900,Store_A,Electronics,17/08/2019,-2,,100
25494,Store_B,Clothing,2/10/2020,3,,100
55166,STORE_B,Clothing,28/06/2019,2,,
35333,Store_A,Groceries,3/26/2020,-2,,
43050,store_a,Groceries,8/10/2019,2,-5,
89566,store_a,Clothing,2/11/2019,3,-5,-50
98257,store_a,Groceries,4/4/2019,1,-5,200
58070,Store_B,Clothing,4/30/2020,1,50,
15166,Store_A,Home,5/31/2020,-2,,500
17121,Store_A,Eletronics,18/03/2020,2,100,
24677,store_a,Home,12/17/2020,5,-5,-50
66561,Store C,Home,5/13/2020,3,,200
91909,store_a,Eletronics,1/6/2020,,20,
97409,Store_B,Clothing,7/9/2019,-2,10,100
47664,store_a,Clothing,11/29/2020,1,-5,
11293,store_a,Groceries,4/29/2020,,-5,
32443,Store_A,Electronics,10/26/2020,1,20,200
59212,store_a,Clothing,6/11/2020,1,10,500
94131,STORE_B,Eletronics,9/19/2020,10,50,
85276,STORE_B,Electronics,1/1/2019,-2,-5,
22559,Store C,Eletronics,7/11/2019,,10,-50
75231,Store_B,Eletronics,15/04/2019,5,100,200
49044,Store_B,Eletronics,28/05/2020,1,-5,-50
31747,Store_A,Electronics,6/12/2019,5,,
83509,Store_B,Home,5/7/2019,2,20,
90869,Store C,Eletronics,12/27/2020,2,10,100
40129,STORE_B,Groceries,27/10/2019,10,20,-50
10037,Store_A,Clothing,11/26/2020,5,,200
58503,STORE_B,Clothing,13/02/2020,3,50,
38207,Store C,Clothing,7/17/2020,10,,100
43241,Store_A,Electronics,1/1/2020,1,50,100
10058,store_a,Groceries,5/12/2019,2,20,500
78172,Store_B,Groceries,1/28/2020,-2,50,200
24834,Store C,Groceries,11/8/2019,2,-5,100
91113,Store_A,Groceries,1/23/2019,3,50,200
37190,STORE_B,Groceries,28/02/2020,10,50,
82832,Store_A,Home,24/02/2020,5,-5,500
31383,store_a,Groceries,3/20/2020,-2,50,200
34660,Store C,Groceries,15/02/2019,2,-5,500
12674,Store_A,Electronics,24/08/2020,1,-5,200
32820,Store C,Electronics,12/8/2020,3,50,200
95040,Store C,Groceries,3/8/2020,3,-5,-50
35666,STORE_B,Home,4/17/2020,,10,500
53794,Store_B,Groceries,2/17/2019,3,50,200
12076,store_a,Groceries,10/1/2020,1,50,-50
74854,Store_A,Groceries,6/2/2020,3,,-50
62342,Store_B,Eletronics,9/20/2019,5,,500
47555,STORE_B,Home,20/11/2019,,,
65208,Store_B,Clothing,12/24/2019,5,50,500
42406,Store C,Groceries,7/21/2020,-2,,200
71572,Store C,Clothing,4/24/2020,10,10,
50262,store_a,Home,16/05/2019,10,20,500
96661,Store_A,Groceries,26/04/2020,-2,,500
33216,Store_A,Clothing,25/10/2019,-2,-5,500
78117,STORE_B,Clothing,1/8/2020,5,,500
91136,store_a,Home,17/11/2020,1,10,
40284,Store_A,Groceries,12/8/2020,,-5,200
30171,Store C,Eletronics,3/1/2020,10,-5,-50
24333,store_a,Home,16/11/2019,3,-5,500
40535,Store_B,Eletronics,5/7/2019,-2,-5,-50
99023,store_a,Groceries,5/15/2019,5,100,-50
85940,store_a,Clothing,11/27/2019,2,100,-50
43700,Store_A,Home,1/27/2020,1,-5,500
93583,STORE_B,Home,1/8/2019,1,-5,500
51516,STORE_B,Home,9/4/2020,5,-5,500
25577,Store_A,Electronics,7/7/2020,2,10,500
99834,Store_A,Groceries,6/5/2020,1,,100
25015,Store_A,Electronics,8/20/2020,,20,200
31236,STORE_B,Home,1/21/2020,10,-5,100
76640,Store_A,Home,4/16/2020,,,
93190,Store_B,Eletronics,6/28/2019,2,10,100
55704,Store_B,Electronics,3/25/2020,,10,100
52369,Store C,Clothing,16/06/2020,3,-5,100
13646,Store_B,Groceries,25/03/2019,-2,50,200
97007,store_a,Clothing,20/04/2020,-2,10,-50
35906,Store C,Clothing,12/24/2019,10,50,
96643,Store_B,Groceries,1/11/2020,2,10,
57728,store_a,Home,12/2/2020,5,50,200
24878,Store_B,Eletronics,17/04/2019,1,50,100
19145,store_a,Home,6/21/2020,10,-5,-50
98578,Store_A,Home,20/02/2019,5,-5,500
28226,store_a,Electronics,3/23/2019,2,,200
12802,Store_A,Clothing,12/10/2020,3,50,-50
34119,store_a,Clothing,7/4/2019,1,100,200
73560,store_a,Clothing,10/15/2019,1,10,200
67353,Store_B,Eletronics,21/12/2019,10,-5,500
72126,store_a,Eletronics,1/6/2019,5,20,-50
81641,Store_B,Eletronics,5/21/2020,-2,10,100
61712,store_a,Groceries,1/30/2019,2,,-50
62189,STORE_B,Eletronics,24/07/2019,2,,-50
67784,Store C,Electronics,1/31/2019,5,50,100
78285,Store_B,Electronics,8/8/2020,1,,500
52949,Store_B,Home,10/4/2020,5,-5,-50
44129,Store_A,Home,25/02/2020,,,100
34512,STORE_B,Home,3/27/2019,-2,10,200
89031,Store_A,Home,30/08/2020,2,100,200
73554,STORE_B,Electronics,1/28/2019,5,100,100
12064,STORE_B,Home,5/2/2019,1,50,200
61567,store_a,Electronics,27/06/2020,10,,-50
40011,Store_A,Eletronics,7/26/2020,,,100
81152,Store C,Eletronics,2/7/2020,1,100,-50
83511,STORE_B,Groceries,11/13/2020,3,50,
20960,STORE_B,Home,9/29/2019,3,,500
68920,Store_B,Eletronics,16/04/2019,5,50,500
31387,store_a,Eletronics,4/23/2019,-2,-5,500
25324,Store C,Clothing,17/11/2020,-2,10,100
73960,STORE_B,Clothing,1/19/2019,1,-5,
81779,Store_B,Electronics,8/27/2020,1,,500
42628,Store_A,Groceries,4/9/2020,2,,-50
85096,STORE_B,Clothing,11/21/2020,10,,500
57452,Store_B,Groceries,7/10/2019,,100,
51098,Store_A,Eletronics,28/04/2020,1,100,-50
80459,store_a,Electronics,10/10/2019,,,-50
49235,Store_A,Groceries,6/12/2019,5,,100
96861,STORE_B,Clothing,11/29/2020,2,10,100
37949,Store C,Eletronics,10/22/2019,-2,10,200
32821,Store_A,Home,8/1/2020,,50,
81612,Store C,Eletronics,1/1/2020,,50,-50
32032,Store C,Clothing,12/1/2020,,100,
83537,Store_A,Clothing,24/08/2020,,20,500
25303,store_a,Home,10/29/2019,,10,500
91993,Store_A,Eletronics,23/08/2020,-2,50,200
22303,Store_B,Groceries,5/4/2019,2,10,-50
60701,Store C,Groceries,10/30/2020,5,10,-50
60511,STORE_B,Eletronics,7/7/2020,,-5,200
90664,Store C,Groceries,7/14/2019,,20,500
28280,STORE_B,Eletronics,21/04/2019,5,10,-50
49427,Store_B,Eletronics,12/17/2019,1,-5,
16967,Store_B,Clothing,5/3/2020,1,20,-50
16661,Store_B,Electronics,7/19/2019,-2,-5,500
87952,Store_A,Clothing,2/6/2019,2,-5,-50
76046,Store C,Groceries,5/22/2020,2,20,-50
45200,STORE_B,Electronics,16/06/2019,10,10,100
77442,Store_B,Eletronics,3/21/2020,2,10,-50
71671,Store_B,Groceries,3/21/2019,-2,50,200
68168,STORE_B,Home,14/01/2019,5,10,200
58322,Store C,Groceries,11/28/2020,,10,
91984,Store C,Electronics,19/07/2019,5,10,-50
47696,STORE_B,Electronics,10/15/2020,-2,50,
80246,store_a,Eletronics,20/06/2019,10,20,500
48892,Store C,Home,9/29/2019,3,50,500
25583,STORE_B,Eletronics,27/09/2020,-2,10,100
92720,STORE_B,Home,5/4/2019,-2,,100
65215,Store_B,Home,30/05/2020,3,10,-50
34853,STORE_B,Eletronics,11/16/2020,5,50,-50
16109,Store_A,Groceries,10/13/2020,3,-5,
69757,Store_B,Clothing,10/24/2019,-2,-5,
16659,Store_B,Home,16/02/2020,-2,50,-50
11238,Store C,Electronics,25/02/2019,3,100,-50
25064,store_a,Eletronics,4/1/2020,-2,-5,100
41115,Store C,Groceries,9/12/2020,10,,100
41952,Store_A,Home,30/08/2019,-2,50,100
15620,Store_B,Groceries,30/05/2019,-2,-5,-50
54258,Store_B,Eletronics,4/7/2020,,-5,
14470,STORE_B,Electronics,12/17/2019,2,20,200
32003,store_a,Home,23/07/2020,2,10,200
37571,store_a,Home,9/12/2019,3,-5,
34668,STORE_B,Groceries,10/7/2020,1,-5,
87259,Store_A,Eletronics,11/9/2020,10,20,
42046,store_a,Clothing,1/29/2019,,50,100
80977,Store_B,Home,4/11/2020,,50,500
87255,Store_A,Electronics,24/11/2019,3,20,-50
15397,Store C,Home,18/01/2019,1,20,100
93481,Store C,Home,9/8/2020,1,100,200
32233,Store_A,Clothing,8/24/2020,,10,-50
93336,Store_B,Clothing,10/5/2020,10,20,
70308,Store C,Eletronics,9/1/2019,2,10,200
79726,Store_B,Home,19/07/2019,,-5,
73219,STORE_B,Home,27/12/2019,-2,,
11130,store_a,Groceries,5/11/2019,,50,
24071,Store_A,Groceries,4/21/2019,-2,20,-50
95517,store_a,Electronics,6/7/2020,5,,200
12118,STORE_B,Electronics,3/8/2020,1,50,200
10663,Store C,Groceries,11/17/2020,5,100,
72408,Store_B,Electronics,10/4/2019,5,50,100
61786,Store_B,Home,10/27/2020,10,20,500
91271,STORE_B,Clothing,2/12/2019,,,100
29158,Store_A,Home,24/05/2019,2,,-50
41087,store_a,Groceries,9/8/2020,-2,,500
98114,Store C,Eletronics,10/12/2019,-2,50,100
63121,Store_A,Eletronics,2/4/2019,10,10,200
29874,STORE_B,Groceries,7/17/2020,1,10,100
93443,STORE_B,Home,1/19/2019,2,50,
50821,Store_B,Electronics,6/30/2020,,20,-50
70582,Store C,Electronics,2/17/2019,3,50,100
32787,Store_A,Eletronics,8/7/2019,2,10,100
74703,Store_B,Groceries,4/2/2019,-2,50,500
31705,Store C,Groceries,25/04/2020,10,,
79381,store_a,Clothing,1/31/2019,10,20,500
54653,store_a,Eletronics,9/16/2019,5,20,-50
92018,Store_B,Groceries,28/09/2020,,100,-50
96217,Store_A,Clothing,11/4/2019,3,50,
42252,Store C,Electronics,30/12/2019,,-5,500
83332,store_a,Eletronics,11/3/2019,2,-5,
82799,store_a,Eletronics,7/21/2020,3,-5,500
72185,Store_A,Groceries,27/01/2020,,,200
88313,Store_B,Groceries,1/21/2019,5,-5,
51538,STORE_B,Home,26/10/2019,3,50,-50
30343,Store C,Electronics,8/19/2019,3,100,500
90398,store_a,Electronics,3/23/2019,2,100,200
51232,STORE_B,Clothing,15/08/2019,3,50,-50
63106,Store_A,Clothing,8/5/2019,5,-5,500
91227,Store_B,Home,12/1/2019,1,50,200
63079,Store C,Electronics,7/12/2020,1,50,-50
35028,Store_A,Clothing,13/05/2019,10,10,-50
52135,Store_B,Electronics,23/05/2019,1,100,200
41066,Store_A,Electronics,22/01/2019,2,20,-50
93470,store_a,Clothing,8/16/2020,10,-5,500
30910,store_a,Groceries,12/4/2020,1,-5,500
17141,STORE_B,Groceries,13/07/2019,1,10,-50
55950,Store_A,Clothing,7/6/2020,10,,100
65723,store_a,Home,21/02/2019,2,20,200
26225,Store_B,Eletronics,3/28/2019,10,20,100
97123,STORE_B,Electronics,5/27/2020,-2,20,500
42959,Store C,Eletronics,10/9/2019,-2,100,-50
59192,Store_A,Clothing,5/10/2019,2,,
89711,store_a,Electronics,8/9/2020,2,10,
20051,Store_B,Eletronics,5/12/2020,,,100
81428,Store_A,Groceries,25/06/2019,5,-5,100
13449,Store_B,Home,13/08/2019,1,10,100
51095,STORE_B,Eletronics,12/1/2019,,100,500
87929,store_a,Home,3/24/2020,1,-5,500
39190,store_a,Groceries,8/10/2020,,,-50
36141,STORE_B,Eletronics,9/17/2019,3,20,500
33908,Store_B,Clothing,7/5/2020,-2,,-50
42322,Store_A,Electronics,4/7/2020,10,-5,-50
60710,Store_B,Groceries,4/4/2019,,100,100
24012,Store_A,Home,17/10/2019,-2,100,
44889,STORE_B,Home,6/10/2020,5,100,100
27412,Store C,Groceries,5/2/2020,1,10,500
34657,Store_A,Clothing,12/21/2019,3,,200
15656,store_a,Clothing,4/13/2020,5,20,500
18967,store_a,Home,4/5/2019,2,20,
94958,store_a,Groceries,17/05/2019,1,50,500
25764,Store_B,Groceries,4/1/2019,-2,100,
25873,Store_B,Electronics,3/12/2019,,-5,200
61030,Store_B,Home,12/8/2019,10,20,200
77807,store_a,Clothing,1/19/2020,5,100,-50
11607,Store_A,Eletronics,1/23/2019,-2,20,500
29523,store_a,Clothing,1/23/2019,3,,-50
58447,Store_A,Clothing,10/6/2020,10,50,100
59757,Store_B,Eletronics,11/7/2019,2,100,100
79201,Store C,Home,10/12/2020,10,10,100
91844,Store_B,Electronics,17/09/2020,-2,10,100
81388,STORE_B,Clothing,7/28/2020,-2,20,100
15462,Store_A,Clothing,4/13/2019,3,,500
41795,Store C,Home,5/14/2020,2,-5,-50
79806,Store_B,Home,7/4/2019,3,100,-50
58465,Store C,Groceries,7/8/2019,-2,50,
71109,store_a,Home,4/4/2020,1,,100
60528,Store_A,Home,7/8/2019,3,20,200
46230,STORE_B,Clothing,12/17/2019,10,,
58242,store_a,Electronics,8/3/2020,-2,50,
75883,Store C,Clothing,4/24/2019,1,,500
11783,Store_B,Home,4/14/2019,1,100,
38390,Store_A,Groceries,9/11/2020,5,20,200
18417,STORE_B,Electronics,29/09/2020,10,50,-50
82102,Store_B,Groceries,10/11/2019,10,20,
27426,STORE_B,Eletronics,1/22/2020,2,-5,500
40750,Store_A,Groceries,1/8/2019,3,100,100
68188,Store C,Groceries,4/5/2019,,50,200
20872,STORE_B,Home,16/05/2020,3,-5,100
58086,Store_A,Home,4/27/2020,10,-5,
76770,STORE_B,Home,4/17/2020,3,-5,-50
93514,Store_B,Home,8/5/2019,10,50,500
98177,STORE_B,Home,30/07/2019,-2,20,200
44720,Store_B,Groceries,1/28/2020,1,,-50
28079,Store_B,Eletronics,5/30/2020,3,,200
27338,Store_A,Home,25/04/2020,-2,-5,500
13291,store_a,Eletronics,12/12/2019,3,10,500
84084,STORE_B,Eletronics,6/10/2020,10,10,
59393,Store C,Clothing,6/24/2020,-2,50,200
79770,Store_B,Clothing,2/16/2019,10,20,
36720,store_a,Electronics,5/1/2020,2,50,200
23368,Store_B,Clothing,12/9/2019,3,20,200
64313,store_a,Home,28/04/2020,5,100,100
57969,store_a,Eletronics,6/26/2020,10,10,
58838,Store C,Electronics,29/03/2019,5,50,200
18734,store_a,Clothing,25/11/2019,1,100,200
22197,Store C,Groceries,26/01/2019,1,,500
78895,Store_A,Electronics,17/12/2020,5,10,100
66831,Store_B,Home,12/17/2019,,20,500
68073,Store C,Eletronics,7/7/2019,1,-5,
82925,Store_B,Home,11/30/2019,5,,
90488,STORE_B,Home,4/27/2020,2,,200
94475,Store_A,Groceries,23/05/2020,2,100,-50
60302,STORE_B,Groceries,26/03/2020,1,50,500
25624,STORE_B,Eletronics,10/28/2020,-2,-5,
77271,store_a,Clothing,17/06/2020,5,50,200
34315,store_a,Home,10/23/2019,5,100,200
27422,STORE_B,Clothing,2/14/2019,5,,500
49137,store_a,Eletronics,5/9/2020,,10,200
82663,Store_B,Home,6/24/2019,1,,100
58232,store_a,Clothing,30/09/2019,,100,-50
88142,STORE_B,Home,30/09/2020,5,,500
42743,store_a,Groceries,2/25/2019,10,-5,500
25636,store_a,Groceries,12/7/2019,5,,500
20108,Store C,Electronics,5/2/2020,10,,200
83634,Store C,Eletronics,8/2/2019,2,,200
46180,STORE_B,Clothing,27/01/2019,10,10,500
28883,Store_B,Home,20/11/2020,2,20,500
54400,Store_A,Electronics,7/3/2020,1,20,100
55999,Store_A,Eletronics,5/11/2020,-2,50,
57951,STORE_B,Eletronics,6/22/2019,-2,20,100
17160,Store_B,Eletronics,4/15/2019,,20,500
65262,Store_B,Clothing,4/23/2020,,20,200
29929,Store_B,Groceries,22/11/2020,2,,200
93133,Store C,Electronics,3/9/2020,2,,500
21123,STORE_B,Clothing,10/3/2020,5,-5,
38357,Store_A,Home,11/23/2020,3,10,-50
80496,Store_B,Clothing,17/09/2019,2,,-50
43556,STORE_B,Home,10/7/2019,10,,100
93791,Store_A,Home,7/13/2019,1,20,
71934,Store C,Eletronics,22/04/2019,,10,-50
88886,store_a,Clothing,11/3/2019,10,10,
40881,Store_A,Groceries,25/09/2020,,20,200
28409,Store_A,Home,2/28/2019,1,20,200
65416,Store_A,Eletronics,4/22/2020,10,10,
77982,store_a,Groceries,31/01/2020,,100,500
40657,Store_B,Clothing,6/16/2020,2,20,-50
96743,store_a,Groceries,8/14/2020,3,20,-50
58951,Store_A,Clothing,18/04/2019,2,10,200
18752,Store C,Home,6/9/2020,-2,100,100
23440,Store_A,Electronics,7/2/2020,,-5,-50
54864,Store C,Electronics,3/11/2019,5,100,200
59691,STORE_B,Home,8/9/2019,10,50,200
82035,Store C,Groceries,25/05/2019,3,100,
96675,Store_A,Clothing,14/11/2020,10,20,
90303,store_a,Electronics,11/8/2020,5,,
32343,Store_A,Clothing,10/4/2020,5,10,100
29673,Store_A,Home,10/23/2020,5,-5,-50
69954,STORE_B,Groceries,11/14/2020,,20,100
64698,Store_B,Clothing,9/1/2020,2,-5,100
36520,Store_A,Groceries,12/2/2019,,10,
25784,STORE_B,Electronics,8/13/2019,2,-5,200
48079,store_a,Clothing,20/05/2019,3,100,500
54220,STORE_B,Eletronics,2/4/2019,5,10,200
30491,STORE_B,Electronics,7/7/2019,-2,20,200
58720,Store C,Groceries,31/05/2020,2,,200
24718,Store_B,Home,10/4/2020,1,20,200
45597,Store_B,Eletronics,20/08/2019,-2,50,100
71217,store_a,Clothing,25/08/2019,1,10,
36832,STORE_B,Electronics,5/8/2020,2,20,
64818,store_a,Clothing,11/7/2019,-2,100,200
22864,store_a,Clothing,6/4/2020,-2,100,500
98378,Store_B,Eletronics,1/4/2020,3,-5,-50
18177,Store_B,Eletronics,15/01/2019,10,20,200
56115,Store_B,Eletronics,1/31/2019,,-5,200
66210,Store_A,Eletronics,8/6/2020,5,50,500
61954,STORE_B,Home,24/09/2019,2,10,100
21844,store_a,Groceries,5/11/2020,3,50,200
84130,STORE_B,Eletronics,21/08/2019,-2,,500
23418,store_a,Electronics,12/4/2020,,-5,100
44854,store_a,Clothing,10/25/2019,10,20,100
98644,store_a,Eletronics,19/10/2020,3,-5,200
85955,store_a,Electronics,14/01/2020,10,50,100
98075,Store C,Home,7/30/2020,1,,200
53950,Store C,Electronics,17/01/2020,,50,200
75227,Store_A,Electronics,2/23/2019,,,
22835,Store_B,Home,15/10/2020,10,100,-50
27533,store_a,Home,8/17/2019,1,100,-50
97858,STORE_B,Clothing,17/02/2019,5,20,
20223,Store C,Eletronics,11/9/2019,2,50,200
20273,Store_B,Electronics,1/8/2020,-2,100,500
43519,Store_A,Groceries,4/13/2020,1,-5,100
34160,Store_B,Groceries,2/24/2020,3,10,
84385,store_a,Clothing,6/15/2020,10,-5,
58988,Store_B,Groceries,23/11/2020,,100,
20348,store_a,Clothing,14/09/2019,3,100,
93460,Store C,Eletronics,21/04/2020,,50,-50
77519,Store C,Clothing,7/15/2020,1,,200
24629,store_a,Home,3/31/2019,,10,
59056,STORE_B,Home,6/11/2020,-2,10,
21273,Store C,Home,1/4/2020,,,
50416,STORE_B,Home,2/1/2020,-2,50,500
17894,store_a,Home,15/07/2020,,100,500
56073,store_a,Home,1/15/2019,,,100
55693,Store C,Home,13/09/2020,-2,10,200
61466,STORE_B,Home,15/11/2020,-2,10,
34343,store_a,Home,27/12/2020,3,100,100
53095,Store C,Eletronics,12/10/2019,10,100,100
41174,store_a,Home,2/5/2020,2,20,200
60801,Store_B,Clothing,25/11/2019,3,-5,500
82436,Store_B,Eletronics,5/7/2019,5,,200
79336,Store C,Groceries,7/24/2019,10,100,100
52926,store_a,Electronics,14/02/2019,10,20,200
82590,Store C,Eletronics,16/12/2019,-2,50,500
48827,Store_A,Home,7/2/2020,5,10,100
54775,Store C,Eletronics,11/16/2020,-2,,200
51201,Store C,Electronics,12/18/2020,-2,-5,
39373,Store_B,Electronics,8/13/2019,1,50,
37525,Store_B,Home,9/11/2020,5,,200
82651,store_a,Home,3/5/2019,1,,200
40486,Store C,Clothing,5/8/2019,2,100,500
88604,Store C,Electronics,18/08/2019,1,20,100
28640,store_a,Home,6/10/2020,-2,,200
71455,STORE_B,Electronics,11/16/2019,2,-5,100
46136,store_a,Clothing,12/23/2019,2,50,
72425,Store_B,Groceries,4/3/2019,,-5,100
66539,Store_B,Electronics,11/25/2020,,,-50
91664,Store C,Clothing,15/08/2020,5,-5,500
34942,Store_B,Clothing,12/11/2020,-2,-5,500
78363,store_a,Clothing,3/9/2020,2,20,100
68596,Store C,Eletronics,30/01/2020,-2,10,500
91526,store_a,Home,20/04/2019,1,,100
45255,store_a,Electronics,1/11/2020,3,50,100
72129,Store C,Eletronics,22/09/2020,,10,
95523,STORE_B,Electronics,20/10/2019,10,-5,100
72286,Store_B,Eletronics,16/06/2019,10,10,500
96437,Store_A,Home,2/6/2019,1,100,-50
26277,Store_A,Clothing,16/02/2019,,100,200
11643,Store_A,Electronics,5/6/2020,3,,500
33729,Store_B,Clothing,19/12/2019,-2,50,-50
96623,STORE_B,Home,23/03/2019,2,100,500
31818,store_a,Electronics,1/27/2020,,-5,-50
75555,Store C,Groceries,16/02/2020,1,20,500
63629,STORE_B,Groceries,12/9/2020,-2,20,200
65438,Store_A,Groceries,1/21/2019,2,-5,
19457,Store_B,Home,25/01/2020,,10,
69629,Store_B,Groceries,5/27/2020,5,-5,200
43922,Store C,Electronics,26/06/2019,3,10,500
34815,Store_A,Eletronics,7/8/2020,3,100,100
97778,store_a,Electronics,9/30/2019,1,100,
32253,store_a,Electronics,16/12/2019,10,-5,
72457,STORE_B,Clothing,12/6/2020,3,-5,-50
49846,STORE_B,Electronics,4/12/2019,3,100,-50
74033,STORE_B,Electronics,12/29/2019,5,50,500
69875,Store C,Groceries,3/10/2019,3,,500
31711,store_a,Eletronics,2/21/2019,-2,,100
85846,store_a,Eletronics,15/02/2019,1,,-50
72919,store_a,Home,15/12/2019,1,-5,
81074,Store_A,Home,17/12/2019,3,100,200
54348,Store_B,Groceries,14/11/2019,,-5,100
26254,Store_A,Electronics,7/9/2020,-2,,-50
67757,Store_A,Clothing,7/26/2019,10,,500
95827,Store_A,Clothing,3/2/2019,1,-5,
11320,Store C,Electronics,4/28/2019,5,-5,
27522,STORE_B,Home,5/20/2020,3,,100
82739,STORE_B,Home,16/05/2019,5,-5,200
82534,store_a,Electronics,12/28/2020,3,10,100
91219,Store_B,Clothing,21/02/2019,-2,10,100
80412,Store_B,Clothing,11/22/2020,10,50,200
46725,store_a,Electronics,21/04/2019,,50,100
26292,STORE_B,Groceries,12/21/2019,2,50,-50
81486,Store_A,Home,16/04/2020,1,20,-50
79381,store_a,Clothing,1/31/2019,10,20,500
67888,STORE_B,Clothing,3/22/2020,,-5,100
62499,STORE_B,Eletronics,11/9/2019,1,,100
63061,Store C,Clothing,7/28/2020,-2,100,
25324,Store C,Clothing,17/11/2020,-2,10,100
64596,store_a,Clothing,26/08/2020,,10,500
10395,STORE_B,Home,17/06/2019,3,100,100
77005,Store_B,Eletronics,5/21/2019,,,
76770,STORE_B,Home,4/17/2020,3,-5,-50
25624,STORE_B,Eletronics,10/28/2020,-2,-5,
52407,Store_B,Home,5/10/2019,10,-5,200
45950,Store_B,Clothing,8/7/2020,2,-5,200
62627,store_a,Eletronics,25/05/2020,-2,10,100
36255,Store_A,Electronics,4/3/2019,5,20,200
48827,Store_A,Home,7/2/2020,5,10,100
70955,Store C,Home,27/05/2019,-2,-5,200
45249,STORE_B,Electronics,13/01/2020,10,,200
53724,Store_A,Eletronics,4/18/2020,-2,100,
65598,Store C,Groceries,31/01/2019,1,20,-50
19649,STORE_B,Home,4/5/2019,2,100,200
76033,store_a,Groceries,23/02/2019,5,,-50
15840,STORE_B,Eletronics,19/05/2019,,,
33453,Store_B,Eletronics,12/6/2019,,50,200
40284,Store_A,Groceries,12/8/2020,,-5,200
95470,Store_B,Home,17/11/2020,-2,-5,100
26575,Store_B,Clothing,6/19/2019,2,,
82832,Store_A,Home,24/02/2020,5,-5,500
42406,Store C,Groceries,7/21/2020,-2,,200
17501,store_a,Home,7/16/2020,3,10,100
28510,store_a,Groceries,6/7/2019,-2,-5,200
64604,Store_B,Electronics,11/28/2019,,20,100
76836,STORE_B,Clothing,1/2/2020,,100,200
44722,Store C,Home,1/11/2019,-2,10,200
85024,store_a,Groceries,16/08/2019,2,50,200
17386,Store_B,Eletronics,9/12/2020,1,50,-50
95727,Store C,Electronics,26/11/2019,5,,200
41661,STORE_B,Home,1/2/2019,10,20,
11010,Store_B,Electronics,12/23/2019,3,50,-50
62196,STORE_B,Home,8/2/2020,3,-5,500
96491,STORE_B,Clothing,6/15/2020,5,20,
22974,Store_B,Home,9/21/2020,5,,100
94954,store_a,Eletronics,1/12/2019,3,-5,-50
18698,Store_B,Electronics,10/12/2020,3,10,500
17066,store_a,Groceries,24/07/2019,2,20,500
50129,store_a,Eletronics,21/02/2019,,100,500
16109,Store_A,Groceries,10/13/2020,3,-5,
24568,Store_B,Groceries,18/04/2020,1,,200
57396,STORE_B,Groceries,11/15/2020,3,-5,-50
90402,Store_B,Groceries,3/5/2019,-2,10,200
88678,Store_B,Clothing,3/30/2020,2,100,500
89509,Store C,Electronics,3/28/2019,2,100,
94553,Store C,Electronics,2/27/2020,,20,100
38114,STORE_B,Eletronics,23/12/2019,5,50,
42735,Store_B,Electronics,9/30/2020,10,10,100
99711,Store_A,Home,15/11/2019,3,-5,100
36296,Store_B,Groceries,24/08/2020,5,50,500
41786,Store C,Home,26/03/2019,5,100,-50
44837,store_a,Electronics,6/16/2019,,100,100
17485,Store_A,Home,7/21/2019,3,50,100
44678,STORE_B,Groceries,6/12/2020,-2,100,100
93000,Store_A,Home,5/5/2020,,100,-50
88824,store_a,Clothing,5/25/2020,,20,100
77664,store_a,Clothing,29/06/2020,5,-5,200
51552,Store_B,Groceries,9/4/2019,-2,20,-50
81428,Store_A,Groceries,25/06/2019,5,-5,100
69919,Store C,Groceries,7/12/2019,1,20,500
30998,store_a,Groceries,2/16/2020,3,20,500
61550,Store C,Clothing,5/22/2020,5,100,-50
81880,STORE_B,Clothing,2/1/2020,,10,
26738,store_a,Eletronics,4/21/2019,3,20,-50
67771,Store_B,Eletronics,27/08/2020,10,10,100
87255,Store_A,Electronics,24/11/2019,3,20,-50
47403,Store_B,Electronics,7/31/2019,3,,200
53290,Store_A,Electronics,10/7/2019,10,20,200
84157,STORE_B,Clothing,21/05/2020,,50,
92399,STORE_B,Electronics,1/9/2019,10,,
